<?xml version="1.0" encoding="UTF-8"?><catalogue name=""><record><leader>01386nam0a2200301   4500</leader><controlfield tag="001">136864767</controlfield><controlfield tag="005" ind1="2" ind2="0"/><datafield tag="100" ind1=" " ind2=" "><subfield code="a">20090929d1590    k  y1frec50      ha</subfield></datafield><datafield tag="101" ind1="0" ind2=" "><subfield code="a">heb</subfield><subfield code="g">heb</subfield></datafield><datafield tag="102" ind1=" " ind2=" "><subfield code="a">IT</subfield></datafield><datafield tag="105" ind1=" " ind2=" "><subfield code="a">y   |||||||||</subfield></datafield><datafield tag="106" ind1=" " ind2=" "><subfield code="a">r</subfield></datafield><datafield tag="140" ind1=" " ind2=" "><subfield code="a">y   y   |aa  yya|1001</subfield></datafield><datafield tag="200" ind1="1" ind2=" "><subfield code="a">[שאלות ותשובות]</subfield></datafield><datafield tag="210" ind1=" " ind2=" "><subfield code="a">[Venise, Matteo Zanitti et Comino Prizinio, 5350 ]</subfield><subfield code="d">1590</subfield><subfield code="e">5355 [1595]. Con licentia de' superiori.</subfield></datafield><datafield tag="215" ind1=" " ind2=" "><subfield code="a">[114] f.</subfield><subfield code="d"> in-folio</subfield></datafield><datafield tag="300" ind1=" " ind2=" "><subfield code="a">Responsa. Texte et pagination en hébreu.</subfield></datafield><datafield tag="307" ind1=" " ind2=" "><subfield code="a">Sig.Dix-neuf cahiers de 6 f. numérotés 1 à 19. Signatures en chiffres hébreux et arabes. Disposition hébraïque.</subfield></datafield><datafield tag="317" ind1=" " ind2=" "><subfield code="5">751063002:375472282</subfield><subfield code="a">Reliure  en vélin.  Tranche peinte en jaune. Au titre, ex-libris  :"Domus profess. paris. societ. Jesu", notes manuscrites en hébreu et cote ancienne barrée :"A 391". Un feuillet manuscrit en hébreu a été collé entre le contreplat supérieur et la garde.</subfield></datafield><datafield tag="321" ind1=" " ind2=" "><subfield code="a">Vinograd, Venise, no. 813</subfield></datafield><datafield tag="540" ind1="|" ind2=" "><subfield code="a">She’élot u-teshuvot</subfield></datafield><datafield tag="620" ind1=" " ind2=" "><subfield code="d">Venezia</subfield></datafield><datafield tag="700" ind1=" " ind2="1"><subfield code="a">Bezalel ben Abraham Ashkenazi</subfield><subfield code="4">070</subfield></datafield><datafield tag="702" ind1=" " ind2="1"><subfield code="a">Zanitti</subfield><subfield code="b">Matteo</subfield><subfield code="4">650</subfield></datafield><datafield tag="702" ind1=" " ind2="1"><subfield code="a">Prizinio</subfield><subfield code="b">Comino</subfield><subfield code="4">650</subfield></datafield><datafield tag="712" ind1="0" ind2="2"><subfield code="5">751063002:375472282</subfield><subfield code="3">069668450</subfield><subfield code="a">Maison professe Saint-Louis</subfield><subfield code="c">Paris</subfield><subfield code="4">390</subfield></datafield><datafield tag="801" ind1=" " ind2="3"><subfield code="a">FR</subfield><subfield code="b">Abes</subfield><subfield code="c">20090929</subfield><subfield code="g">AFNOR</subfield></datafield><datafield tag="930" ind1=" " ind2=" "><subfield code="5">751063002:375472282</subfield><subfield code="b">751063002</subfield><subfield code="a">2° 2333 G-2</subfield></datafield></record>