<record><leader>01567nam0a2200397   4500</leader><controlfield tag="001">135358140</controlfield><controlfield tag="005" ind1="2" ind2="0"/><datafield tag="010" ind1=" " ind2=" "><subfield code="a">978-3-534-15887-4</subfield><subfield code="d">Pp. : EUR 19.90, sfr 95.50</subfield></datafield><datafield tag="010" ind1=" " ind2=" "><subfield code="a">3-534-15887-3</subfield><subfield code="d">Pp. : EUR 19.90, sfr 95.50</subfield></datafield><datafield tag="035" ind1=" " ind2=" "><subfield code="a">DNB977339165</subfield></datafield><datafield tag="100" ind1=" " ind2=" "><subfield code="a">20090707d2006    k  y0frey50      ba</subfield></datafield><datafield tag="101" ind1="0" ind2=" "><subfield code="a">ger</subfield></datafield><datafield tag="102" ind1=" " ind2=" "><subfield code="a">DE</subfield></datafield><datafield tag="105" ind1=" " ind2=" "><subfield code="a">ab  s   001yy</subfield></datafield><datafield tag="106" ind1=" " ind2=" "><subfield code="a">r</subfield></datafield><datafield tag="200" ind1="1" ind2=" "><subfield code="a">Handbuch der Erziehung und Bildung in der Antike</subfield><subfield code="b">Texte imprimé</subfield><subfield code="f">Johannes Christes, Richard Klein, Christoph Lüth (Hrsg.)</subfield></datafield><datafield tag="210" ind1=" " ind2=" "><subfield code="a">Darmstadt</subfield><subfield code="c">WBG, [Abt. Verl.]</subfield><subfield code="classified-c">WBG, </subfield><subfield code="d">2006</subfield></datafield><datafield tag="215" ind1=" " ind2=" "><subfield code="a">1 vol. (336 p.)</subfield><subfield code="c">Ill.</subfield><subfield code="d">25 cm</subfield></datafield><datafield tag="319" ind1=" " ind2=" "><subfield code="5">751052105:371963338</subfield><subfield code="a">Cote et disponibilité : http://catalogue.bibliotheque.sorbonne.fr</subfield></datafield><datafield tag="320" ind1=" " ind2=" "><subfield code="a">Bibliogr. p. 296-312. Index</subfield></datafield><datafield tag="606" ind1=" " ind2=" "><subfield code="a">Antike</subfield><subfield code="x">Erziehung</subfield><subfield code="2">SWD</subfield></datafield><datafield tag="606" ind1=" " ind2=" "><subfield code="3">02966912X</subfield><subfield code="a">Éducation grecque</subfield><subfield code="2">rameau</subfield></datafield><datafield tag="606" ind1=" " ind2=" "><subfield code="3">029873398</subfield><subfield code="a">Éducation romaine</subfield><subfield code="2">rameau</subfield></datafield><datafield tag="606" ind1=" " ind2=" "><subfield code="3">027731243</subfield><subfield code="a">Éducation religieuse juive</subfield><subfield code="2">rameau</subfield></datafield><datafield tag="607" ind1=" " ind2=" "><subfield code="a">Römisches Reich</subfield><subfield code="x">Erziehung</subfield><subfield code="2">SWD</subfield></datafield><datafield tag="607" ind1=" " ind2=" "><subfield code="a">Griechenland &amp;lt;Altertum&amp;gt;</subfield><subfield code="x">Erziehung</subfield><subfield code="2">SWD</subfield></datafield><datafield tag="686" ind1=" " ind2=" "><subfield code="a">370</subfield><subfield code="c">930</subfield><subfield code="2">DDB</subfield></datafield><datafield tag="702" ind1=" " ind2="1"><subfield code="3">116524553</subfield><subfield code="a">Christes</subfield><subfield code="b">Johannes</subfield><subfield code="f">1937-....</subfield><subfield code="4">340</subfield></datafield><datafield tag="702" ind1=" " ind2="1"><subfield code="3">028424727</subfield><subfield code="a">Klein</subfield><subfield code="b">Richard</subfield><subfield code="f">1934-2006</subfield><subfield code="4">340</subfield></datafield><datafield tag="702" ind1=" " ind2="1"><subfield code="3">089984943</subfield><subfield code="a">Lüth</subfield><subfield code="b">Christoph</subfield><subfield code="f">1940-2009</subfield><subfield code="4">340</subfield></datafield><datafield tag="801" ind1=" " ind2="3"><subfield code="a">FR</subfield><subfield code="b">Abes</subfield><subfield code="c">20090707</subfield><subfield code="g">AFNOR</subfield></datafield><datafield tag="801" ind1=" " ind2="0"><subfield code="a">DE</subfield><subfield code="b">GyFmDB</subfield><subfield code="c">20061107</subfield><subfield code="g">RAK-WB</subfield></datafield><datafield tag="915" ind1=" " ind2=" "><subfield code="5">751052105:371963338</subfield><subfield code="a">a/816794</subfield><subfield code="b">1156886899</subfield></datafield><datafield tag="917" ind1=" " ind2=" "><subfield code="5">751052105:371963338</subfield><subfield code="a">aaaa</subfield></datafield><datafield tag="930" ind1=" " ind2=" "><subfield code="5">751052105:371963338</subfield><subfield code="b">751052105</subfield><subfield code="j">u</subfield></datafield><datafield tag="999" ind1=" " ind2=" "><subfield code="5">751052105:371963338</subfield><subfield code="a">mby</subfield></datafield></record>