<record><leader>     cam0 22        450 </leader><controlfield tag="001">020462956</controlfield><controlfield tag="005">20091102105550.000</controlfield><datafield tag="010" ind1=" " ind2=" "><subfield code="a">0-387-17971-2</subfield><subfield code="b">U.S.</subfield></datafield><datafield tag="020" ind1=" " ind2=" "><subfield code="a">US</subfield><subfield code="b">8723367</subfield></datafield><datafield tag="035" ind1=" " ind2=" "><subfield code="a">ocm16842270</subfield></datafield><datafield tag="100" ind1=" " ind2=" "><subfield code="a">19870810g19879999u  y0engy0103    ba</subfield></datafield><datafield tag="101" ind1="0" ind2=" "><subfield code="a">eng</subfield></datafield><datafield tag="102" ind1=" " ind2=" "><subfield code="a">DE</subfield></datafield><datafield tag="105" ind1=" " ind2=" "><subfield code="a">a   a   001|y</subfield></datafield><datafield tag="200" ind1="1" ind2=" "><subfield code="a">International economics</subfield><subfield code="f">Giancarlo Gandolfo</subfield></datafield><datafield tag="210" ind1=" " ind2=" "><subfield code="a">Berlin</subfield><subfield code="a">New York</subfield><subfield code="c">Springer-Verlag</subfield><subfield code="d">c1987-</subfield></datafield><datafield tag="215" ind1=" " ind2=" "><subfield code="a">v. &lt;1-2 &gt;</subfield><subfield code="c">ill.</subfield><subfield code="d">25 cm</subfield></datafield><datafield tag="320" ind1=" " ind2=" "><subfield code="a">Includes bibliographies and indexes.</subfield></datafield><datafield tag="327" ind1="0" ind2=" "><subfield code="a">v. 1. The pure theory of international trade</subfield><subfield code="a">v. 2. International monetary theory and open-economy macroeconomics</subfield></datafield><datafield tag="606" ind1=" " ind2=" "><subfield code="3">027323161</subfield><subfield code="a">Relations économiques internationales</subfield><subfield code="2">rameau</subfield></datafield><datafield tag="606" ind1=" " ind2=" "><subfield code="3">027467821</subfield><subfield code="a">Finances internationales</subfield><subfield code="2">rameau</subfield></datafield><datafield tag="606" ind1=" " ind2=" "><subfield code="3">027262820</subfield><subfield code="a">Macro-économie</subfield><subfield code="2">rameau</subfield></datafield><datafield tag="606" ind1=" " ind2=" "><subfield code="a">International economic relations</subfield><subfield code="2">lc</subfield></datafield><datafield tag="606" ind1=" " ind2=" "><subfield code="a">Commerce</subfield><subfield code="2">lc</subfield></datafield><datafield tag="606" ind1=" " ind2=" "><subfield code="a">International finance</subfield><subfield code="2">lc</subfield></datafield><datafield tag="676" ind1=" " ind2=" "><subfield code="a">337</subfield><subfield code="v">19</subfield></datafield><datafield tag="680" ind1=" " ind2=" "><subfield code="a">HF1411</subfield><subfield code="b">.G3362 1987</subfield></datafield><datafield tag="700" ind1=" " ind2="1"><subfield code="3">032136145</subfield><subfield code="a">Gandolfo</subfield><subfield code="b">Giancarlo</subfield></datafield><datafield tag="801" ind1=" " ind2="3"><subfield code="a">FR</subfield><subfield code="b">Abes</subfield><subfield code="c">20091102</subfield><subfield code="g">AFNOR</subfield></datafield><datafield tag="801" ind1=" " ind2="1"><subfield code="a">US</subfield><subfield code="b">OCLC</subfield><subfield code="g">AACR2</subfield></datafield><datafield tag="801" ind1=" " ind2="2"><subfield code="a">FR</subfield><subfield code="b">AUROC</subfield><subfield code="g">AFNOR</subfield></datafield></record>