<record><leader>     cas0 22        450 </leader><controlfield tag="001">013303414</controlfield><controlfield tag="005">20090127140435.000</controlfield><datafield tag="011" ind1=" " ind2=" "><subfield code="a">0373-0425</subfield><subfield code="f">0373-0425</subfield></datafield><datafield tag="035" ind1=" " ind2=" "><subfield code="a">039206068</subfield><subfield code="9">sudoc</subfield></datafield><datafield tag="035" ind1=" " ind2=" "><subfield code="a">sib0035503</subfield></datafield><datafield tag="035" ind1=" " ind2=" "><subfield code="a">Evry24639</subfield></datafield><datafield tag="035" ind1=" " ind2=" "><subfield code="a">ccn0373-0425</subfield></datafield><datafield tag="035" ind1=" " ind2=" "><subfield code="a">ccn9007/3630</subfield></datafield><datafield tag="035" ind1=" " ind2=" "><subfield code="a">issn03730425</subfield></datafield><datafield tag="100" ind1=" " ind2=" "><subfield code="a">19990310a18819999k  a0frey0103    ba</subfield></datafield><datafield tag="101" ind1="0" ind2=" "><subfield code="a">fre</subfield></datafield><datafield tag="102" ind1=" " ind2=" "><subfield code="a">FR</subfield></datafield><datafield tag="105" ind1=" " ind2=" "><subfield code="a">y   |||||||||</subfield></datafield><datafield tag="106" ind1=" " ind2=" "><subfield code="a">i</subfield></datafield><datafield tag="110" ind1=" " ind2=" "><subfield code="a">aaa||||0|||</subfield></datafield><datafield tag="200" ind1="1" ind2=" "><subfield code="a">Journal officiel de la République française</subfield><subfield code="i">Lois et décrets</subfield><subfield code="b">Texte imprimé</subfield></datafield><datafield tag="207" ind1=" " ind2="1"><subfield code="a">13e année, n. 1 (1er janv. 1881)-76e année, n. 204 (24/25 août 1944) ; 76e année, n. 74 (8 sept. 1944)-</subfield></datafield><datafield tag="210" ind1=" " ind2=" "><subfield code="a">Paris</subfield><subfield code="c">Journaux officiels</subfield><subfield code="d">1881-</subfield></datafield><datafield tag="215" ind1=" " ind2=" "><subfield code="a">31 cm</subfield></datafield><datafield tag="305" ind1=" " ind2=" "><subfield code="a">Les n. du 14/17 au 29 juin 1940 ont aussi donné lieu à une éd. à Bordeaux, qui porte parfois "Édition B" ; les n. du 12/13 juin au 31 juil. 1940 ont donné lieu à une réimpression à Paris par l'Imprimerie nationale</subfield></datafield><datafield tag="306" ind1=" " ind2=" "><subfield code="a">De juin 1940 à août 1944 publié successivement à Tours (12/13 juin 1940), Pau (14/17-30 juin 1940), Clermont-Ferrand (1/3 juil. 1940, n. non diffusé) et Vichy (1/4 juil. 1940-24/25 août 1944)</subfield></datafield><datafield tag="311" ind1=" " ind2=" "><subfield code="a">De 1941 à 1944, paraît concurremment avec : "Journal officiel de la France libre", publié à Londres du 20 janv. 1941 au 16 sept. 1943 ; "Journal  officiel du Commandement en chef français", publié à Alger du 1er janv. au 30 mai 1943 ; "Journal officiel de la République française", publié à Alger du 10 juin 1943 au 31 août 1944, dont il reprend la numérotation le 8 sept. 1944</subfield></datafield><datafield tag="320" ind1=" " ind2=" "><subfield code="a">Tables annuelles</subfield></datafield><datafield tag="326" ind1=" " ind2=" "><subfield code="a">Quotidien</subfield></datafield><datafield tag="327" ind1="1" ind2=" "><subfield code="a">Plusieurs séries, annexes et suppléments</subfield></datafield><datafield tag="421" ind1=" " ind2="|"><subfield code="0">039641090</subfield><subfield code="t">Journal officiel de la République française. Lois et décrets. Associations</subfield><subfield code="x">0753-2156</subfield></datafield><datafield tag="421" ind1=" " ind2="|"><subfield code="0">057896771</subfield><subfield code="t">Table annuelle du Journal officiel de la République française Lois et décrets</subfield><subfield code="x">1620-560X</subfield></datafield><datafield tag="421" ind1=" " ind2="|"><subfield code="0">058806407</subfield><subfield code="t">Table mensuelle du Journal officiel de la République française Lois et décrets</subfield><subfield code="x">1625-1377</subfield></datafield><datafield tag="421" ind1=" " ind2="|"><subfield code="0">115501193</subfield><subfield code="t">Journal officiel de la République française.Editions des lois et décrets.Numéro complémentaire</subfield></datafield><datafield tag="421" ind1=" " ind2="|"><subfield code="0">057896771</subfield><subfield code="t">Table annuelle du Journal officiel de la République française Lois et décrets</subfield><subfield code="x">1620-560X</subfield></datafield><datafield tag="421" ind1=" " ind2="|"><subfield code="0">058806407</subfield><subfield code="t">Table mensuelle du Journal officiel de la République française Lois et décrets</subfield><subfield code="x">1625-1377</subfield></datafield><datafield tag="423" ind1=" " ind2="|"><subfield code="0">037956205</subfield><subfield code="t">Journal officiel de la République française (Alger)</subfield><subfield code="x">1012-3903</subfield></datafield><datafield tag="423" ind1=" " ind2="|"><subfield code="0">037956205</subfield><subfield code="t">Journal officiel de la République française (Alger)</subfield><subfield code="x">1012-3903</subfield></datafield><datafield tag="434" ind1=" " ind2="|"><subfield code="0">115501193</subfield><subfield code="t">Journal officiel de la République française.Editions des lois et décrets.Numéro complémentaire</subfield></datafield><datafield tag="437" ind1=" " ind2="|"><subfield code="0">054376955</subfield><subfield code="t">Journal officiel de la République française (Paris. 1870)</subfield><subfield code="x">1270-5969</subfield></datafield><datafield tag="517" ind1="|" ind2=" "><subfield code="a">JORF</subfield></datafield><datafield tag="517" ind1="|" ind2=" "><subfield code="a">JO</subfield></datafield><datafield tag="517" ind1="|" ind2=" "><subfield code="a">Journal officiel de la République française</subfield><subfield code="j">1881-1920</subfield></datafield><datafield tag="517" ind1="|" ind2=" "><subfield code="a">JORF</subfield><subfield code="i">Lois et décrets</subfield></datafield><datafield tag="517" ind1="|" ind2=" "><subfield code="a">Journal officiel de la République française</subfield><subfield code="i">Edition des lois et décrets</subfield></datafield><datafield tag="517" ind1="|" ind2=" "><subfield code="a">Journal officiel de l'Etat français</subfield><subfield code="i">Lois et décrets</subfield><subfield code="j">4 janv. 1941-24/25 août 1944</subfield></datafield><datafield tag="517" ind1="|" ind2=" "><subfield code="a">Journal officiel de la République française</subfield><subfield code="i">Ordonnances et décrets</subfield><subfield code="j">8 sept. 1944-21 nov. 1945</subfield></datafield><datafield tag="530" ind1="1" ind2=" "><subfield code="a">Journal officiel de la République française. Lois et décrets</subfield></datafield><datafield tag="531" ind1=" " ind2=" "><subfield code="a">J. off. Répub. fr., Lois décrets</subfield></datafield><datafield tag="606" ind1=" " ind2=" "><subfield code="3">027466868</subfield><subfield code="a">Droit</subfield><subfield code="3">027226794</subfield><subfield code="y">France</subfield><subfield code="3">028457625</subfield><subfield code="x">Législation</subfield><subfield code="3">02724640X</subfield><subfield code="x">Périodiques</subfield><subfield code="2">rameau</subfield></datafield><datafield tag="675" ind1=" " ind2=" "><subfield code="a">070.481</subfield></datafield><datafield tag="675" ind1=" " ind2=" "><subfield code="a">340.13</subfield></datafield><datafield tag="676" ind1=" " ind2=" "><subfield code="a">348</subfield></datafield><datafield tag="801" ind1=" " ind2="3"><subfield code="a">FR</subfield><subfield code="b">Abes</subfield><subfield code="c">20090127</subfield><subfield code="g">AFNOR</subfield></datafield><datafield tag="801" ind1=" " ind2="3"><subfield code="a">FR</subfield><subfield code="b">SF</subfield><subfield code="g">AFNOR</subfield></datafield><datafield tag="801" ind1=" " ind2="3"><subfield code="a">FR</subfield><subfield code="b">ISSN</subfield><subfield code="c">20081014</subfield></datafield><datafield tag="802" ind1=" " ind2=" "><subfield code="a">07</subfield></datafield><datafield tag="916" ind1=" " ind2=" "><subfield code="5">315552289:115449914</subfield><subfield code="a">4d6a</subfield></datafield><datafield tag="916" ind1=" " ind2=" "><subfield code="5">315552107:115450017</subfield><subfield code="a">4d2a</subfield></datafield><datafield tag="916" ind1=" " ind2=" "><subfield code="5">315552253:115450025</subfield><subfield code="a">4d2a</subfield></datafield><datafield tag="930" ind1=" " ind2=" "><subfield code="5">810042101:115449825</subfield><subfield code="b">810042101</subfield><subfield code="a">PAD 1</subfield><subfield code="j">f</subfield></datafield><datafield tag="930" ind1=" " ind2=" "><subfield code="5">315552289:115449914</subfield><subfield code="b">315552289</subfield><subfield code="a">117 CI</subfield><subfield code="j">f</subfield></datafield><datafield tag="930" ind1=" " ind2=" "><subfield code="5">315552107:115450017</subfield><subfield code="b">315552107</subfield><subfield code="a">KJV17/JOUR</subfield><subfield code="j">f</subfield></datafield><datafield tag="930" ind1=" " ind2=" "><subfield code="5">315552253:115450025</subfield><subfield code="b">315552253</subfield><subfield code="j">g</subfield></datafield><datafield tag="930" ind1=" " ind2=" "><subfield code="5">315552103:115450041</subfield><subfield code="b">315552103</subfield><subfield code="a">86017-1 ; KJV17/P1</subfield><subfield code="j">f</subfield></datafield><datafield tag="930" ind1=" " ind2=" "><subfield code="5">315555204:115450181</subfield><subfield code="b">315555204</subfield><subfield code="j">f</subfield></datafield><datafield tag="930" ind1=" " ind2=" "><subfield code="5">315552299:115450068</subfield><subfield code="b">315552299</subfield><subfield code="a">303 CE</subfield><subfield code="j">f</subfield></datafield><datafield tag="930" ind1=" " ind2=" "><subfield code="5">315552318:115450084</subfield><subfield code="b">315552318</subfield><subfield code="a">285 AE</subfield><subfield code="j">f</subfield></datafield><datafield tag="955" ind1="4" ind2="1"><subfield code="5">810042101:115449825</subfield><subfield code="i">1990</subfield><subfield code="i">2006</subfield><subfield code="w">lac.</subfield><subfield code="r">(1990) -(2006)</subfield></datafield><datafield tag="955" ind1="4" ind2="1"><subfield code="5">315552289:115449914</subfield><subfield code="r">Conservé pendant 6 année(s)</subfield></datafield><datafield tag="955" ind1="4" ind2="1"><subfield code="5">315552107:115450017</subfield><subfield code="r">Conservé pendant 2 année(s)</subfield></datafield><datafield tag="955" ind1="4" ind2="1"><subfield code="5">315552253:115450025</subfield><subfield code="r">Conservé pendant 2 année(s)</subfield></datafield><datafield tag="955" ind1="4" ind2="1"><subfield code="5">315552103:115450041</subfield><subfield code="i">1921</subfield><subfield code="i"/><subfield code="j"/><subfield code="k"/><subfield code="a"/><subfield code="b"/><subfield code="c"/><subfield code="r">(1921)-....</subfield></datafield><datafield tag="955" ind1=" " ind2=" "><subfield code="5">315555204:115450181</subfield><subfield code="i">1997</subfield><subfield code="i"/><subfield code="j"/><subfield code="k"/><subfield code="a"/><subfield code="b"/><subfield code="c"/><subfield code="r">(1997)-....</subfield></datafield><datafield tag="955" ind1="4" ind2="1"><subfield code="5">315552299:115450068</subfield><subfield code="i">1990</subfield><subfield code="i"/><subfield code="j"/><subfield code="k"/><subfield code="a"/><subfield code="b"/><subfield code="c"/><subfield code="r">(1990)-....</subfield></datafield><datafield tag="955" ind1="4" ind2="1"><subfield code="5">315552318:115450084</subfield><subfield code="i">1988</subfield><subfield code="i"/><subfield code="j"/><subfield code="k"/><subfield code="a"/><subfield code="b"/><subfield code="c"/><subfield code="r">(1988)-....</subfield></datafield><datafield tag="999" ind1=" " ind2=" "><subfield code="5">315552253:115450025</subfield><subfield code="a">1940-</subfield></datafield><datafield tag="999" ind1=" " ind2=" "><subfield code="5">315555204:115450181</subfield><subfield code="a">1997-</subfield></datafield></record>