<record><leader>01588cam0a2200397   4500</leader><controlfield tag="001">136817440</controlfield><controlfield tag="005" ind1="2" ind2="0"/><datafield tag="010" ind1=" " ind2=" "><subfield code="a">978-3-03911-539-6</subfield><subfield code="b">br.</subfield></datafield><datafield tag="100" ind1=" " ind2=" "><subfield code="a">20090925d2009    k  y0frey50      ba</subfield></datafield><datafield tag="101" ind1="0" ind2=" "><subfield code="a">eng</subfield></datafield><datafield tag="102" ind1=" " ind2=" "><subfield code="a">GB</subfield></datafield><datafield tag="105" ind1=" " ind2=" "><subfield code="a">y   a   001yy</subfield></datafield><datafield tag="106" ind1=" " ind2=" "><subfield code="a">r</subfield></datafield><datafield tag="200" ind1="1" ind2=" "><subfield code="a">"Kicking Bishop Brennan up the arse"</subfield><subfield code="classified-a">Kicking Bishop Brennan up the arse"</subfield><subfield code="b">Texte imprimé</subfield><subfield code="e">negotiating texts and contexts in contemporary Irish studies</subfield><subfield code="f">Eugene O'Brien</subfield></datafield><datafield tag="210" ind1=" " ind2=" "><subfield code="a">Oxford</subfield><subfield code="a">New York</subfield><subfield code="c">P. Lang</subfield><subfield code="d">cop. 2009</subfield></datafield><datafield tag="215" ind1=" " ind2=" "><subfield code="a">1 vol. (VIII-211 p.)</subfield><subfield code="c">couv. ill. en coul.</subfield><subfield code="d">23 cm</subfield></datafield><datafield tag="225" ind1="2" ind2=" "><subfield code="a">Reimagining Ireland</subfield><subfield code="v">1</subfield></datafield><datafield tag="320" ind1=" " ind2=" "><subfield code="a">Bibliogr. p.[193]-203. Index</subfield></datafield><datafield tag="410" ind1=" " ind2="|"><subfield code="0">136197884</subfield><subfield code="t">Reimagining Ireland</subfield><subfield code="x">1662-9094</subfield><subfield code="v">1</subfield></datafield><datafield tag="607" ind1=" " ind2=" "><subfield code="3">029580153</subfield><subfield code="a">Irlande</subfield><subfield code="x">Civilisation</subfield><subfield code="2">rameau</subfield></datafield><datafield tag="607" ind1=" " ind2=" "><subfield code="3">02726369X</subfield><subfield code="a">Irlande</subfield><subfield code="3">027255670</subfield><subfield code="x">Vie intellectuelle</subfield><subfield code="3">086305646</subfield><subfield code="z">20e siècle</subfield><subfield code="2">rameau</subfield></datafield><datafield tag="607" ind1=" " ind2=" "><subfield code="3">02726369X</subfield><subfield code="a">Irlande</subfield><subfield code="3">028054679</subfield><subfield code="x">Dans la littérature</subfield><subfield code="2">rameau</subfield></datafield><datafield tag="607" ind1=" " ind2=" "><subfield code="3">02726369X</subfield><subfield code="a">Irlande</subfield><subfield code="3">030082498</subfield><subfield code="x">Dans les médias</subfield><subfield code="2">rameau</subfield></datafield><datafield tag="607" ind1=" " ind2=" "><subfield code="a">Ireland</subfield><subfield code="x">Civilization</subfield><subfield code="2">lc</subfield></datafield><datafield tag="607" ind1=" " ind2=" "><subfield code="a">Ireland</subfield><subfield code="x">In literature</subfield><subfield code="2">lc</subfield></datafield><datafield tag="607" ind1=" " ind2=" "><subfield code="a">Ireland</subfield><subfield code="x">In mass media</subfield><subfield code="2">lc</subfield></datafield><datafield tag="607" ind1=" " ind2=" "><subfield code="a">Ireland</subfield><subfield code="x">Intellectual life</subfield><subfield code="z">20th century</subfield><subfield code="2">lc</subfield></datafield><datafield tag="676" ind1=" " ind2=" "><subfield code="a">820.9/9</subfield><subfield code="v">22</subfield></datafield><datafield tag="700" ind1=" " ind2="1"><subfield code="3">136831710</subfield><subfield code="a">O'Brien</subfield><subfield code="b">Eugene</subfield><subfield code="4">070</subfield></datafield><datafield tag="801" ind1=" " ind2="3"><subfield code="a">FR</subfield><subfield code="b">Abes</subfield><subfield code="c">20090929</subfield><subfield code="g">AFNOR</subfield></datafield><datafield tag="915" ind1=" " ind2=" "><subfield code="5">590092101:375482601</subfield><subfield code="a">BUC-2009-6297</subfield></datafield><datafield tag="915" ind1=" " ind2=" "><subfield code="5">693872101:375344527</subfield><subfield code="b">20214915</subfield></datafield><datafield tag="917" ind1=" " ind2=" "><subfield code="5">590092101:375482601</subfield><subfield code="a">aaax</subfield></datafield><datafield tag="930" ind1=" " ind2=" "><subfield code="5">590092101:375482601</subfield><subfield code="b">590092101</subfield><subfield code="a">XB-C 195</subfield><subfield code="j">u</subfield></datafield><datafield tag="930" ind1=" " ind2=" "><subfield code="5">693872101:375344527</subfield><subfield code="b">693872101</subfield><subfield code="a">820.9/9 OBR</subfield><subfield code="j">u</subfield></datafield><datafield tag="991" ind1=" " ind2=" "><subfield code="5">693872101:375344527</subfield><subfield code="a">CB</subfield></datafield></record>