<record><leader>01563nam0a2200385   4500</leader><controlfield tag="001">136901271</controlfield><controlfield tag="005" ind1="2" ind2="0"/><datafield tag="010" ind1=" " ind2=" "><subfield code="a">0-934893-75-6</subfield><subfield code="b">rel</subfield></datafield><datafield tag="035" ind1=" " ind2=" "><subfield code="5">341722104</subfield><subfield code="a">alp686910</subfield></datafield><datafield tag="073" ind1=" " ind2="1"><subfield code="a">9780934893756</subfield></datafield><datafield tag="100" ind1=" " ind2=" "><subfield code="a">20091001d2004    k  y0frey50      ba</subfield></datafield><datafield tag="101" ind1="0" ind2=" "><subfield code="a">eng</subfield><subfield code="a">ara</subfield><subfield code="c">ara</subfield><subfield code="g">eng</subfield></datafield><datafield tag="102" ind1=" " ind2=" "><subfield code="a">US</subfield></datafield><datafield tag="105" ind1=" " ind2=" "><subfield code="a">a   a   001yd</subfield></datafield><datafield tag="106" ind1=" " ind2=" "><subfield code="a">r</subfield></datafield><datafield tag="200" ind1="1" ind2=" "><subfield code="a">Medical aphorisms</subfield><subfield code="b">Texte imprimé</subfield><subfield code="h">Treatises 1-5</subfield><subfield code="e">a parallel Arabic-English edition = Kitāb al-fuṣūl fī al-ṭibb</subfield><subfield code="classified-e">parallel Arabic-English edition = Kitāb al-fuṣūl fī al-ṭibb</subfield><subfield code="f">Maimonides</subfield><subfield code="g">edited, translated, and annotated by Gerrit Bos</subfield></datafield><datafield tag="210" ind1=" " ind2=" "><subfield code="a">Provo, Utah</subfield><subfield code="c">Brigham Young University Press</subfield><subfield code="d">cop. 2004</subfield></datafield><datafield tag="215" ind1=" " ind2=" "><subfield code="a">1 vol. (XXXII- 156 p.)</subfield><subfield code="c">couv. ill. en coul.</subfield><subfield code="d">24 cm</subfield></datafield><datafield tag="225" ind1="1" ind2=" "><subfield code="a">Medical works of Moses Maimonides</subfield></datafield><datafield tag="302" ind1=" " ind2=" "><subfield code="a">Latin</subfield></datafield><datafield tag="304" ind1=" " ind2=" "><subfield code="a">Mention parallèle de titre ou de responsabilité : Kitāb al-fuṣūl fī al-ṭibb</subfield></datafield><datafield tag="320" ind1=" " ind2=" "><subfield code="a">Bibliogr. p. 121-130. Index</subfield></datafield><datafield tag="410" ind1=" " ind2="|"><subfield code="t">Medical works of Moses Maimonides</subfield></datafield><datafield tag="454" ind1=" " ind2="|"><subfield code="t">Kitāb al-fuṣūl fī al-ṭibb</subfield></datafield><datafield tag="510" ind1="|" ind2=" "><subfield code="a">Kitāb al-fuṣūl fī al-ṭibb</subfield></datafield><datafield tag="517" ind1="|" ind2=" "><subfield code="a">Fuṣūl fī al-ṭibb</subfield></datafield><datafield tag="517" ind1="|" ind2=" "><subfield code="a">Medical aphorisms</subfield></datafield><datafield tag="600" ind1=" " ind2="1"><subfield code="3">027033244</subfield><subfield code="a">Moïse Maïmonide</subfield><subfield code="f">1138-1204</subfield><subfield code="2">rameau</subfield></datafield><datafield tag="606" ind1=" " ind2=" "><subfield code="3">027757862</subfield><subfield code="a">Médecine médiévale</subfield><subfield code="2">rameau</subfield></datafield><datafield tag="606" ind1=" " ind2=" "><subfield code="3">027257452</subfield><subfield code="a">Aphorismes et apophtegmes</subfield><subfield code="2">rameau</subfield></datafield><datafield tag="676" ind1=" " ind2=" "><subfield code="a">610</subfield><subfield code="v">22</subfield></datafield><datafield tag="700" ind1=" " ind2="1"><subfield code="3">027033244</subfield><subfield code="a">Moïse Maïmonide</subfield><subfield code="f">1138-1204</subfield><subfield code="4">070</subfield></datafield><datafield tag="702" ind1=" " ind2="1"><subfield code="3">035369914</subfield><subfield code="a">Bos</subfield><subfield code="b">Gerrit</subfield><subfield code="f">1948-....</subfield><subfield code="4">340</subfield></datafield><datafield tag="801" ind1=" " ind2="3"><subfield code="a">FR</subfield><subfield code="b">Abes</subfield><subfield code="c">20091001</subfield><subfield code="g">AFNOR</subfield></datafield><datafield tag="930" ind1=" " ind2=" "><subfield code="5">341722104:375634665</subfield><subfield code="b">341722104</subfield><subfield code="a">NA 252365-1</subfield><subfield code="j">u</subfield></datafield></record>