<record><leader>02512nam0a2200433   4500</leader><controlfield tag="001">136894887</controlfield><controlfield tag="005" ind1="2" ind2="0"/><datafield tag="035" ind1=" " ind2=" "><subfield code="5">751025206</subfield><subfield code="a">1099256</subfield></datafield><datafield tag="100" ind1=" " ind2=" "><subfield code="a">20091001d2007    m  y0frea50      ba</subfield></datafield><datafield tag="101" ind1="2" ind2=" "><subfield code="a">jpn</subfield><subfield code="a">ita</subfield></datafield><datafield tag="102" ind1=" " ind2=" "><subfield code="a">JP</subfield></datafield><datafield tag="105" ind1=" " ind2=" "><subfield code="a">a   ab  000yy</subfield></datafield><datafield tag="106" ind1=" " ind2=" "><subfield code="a">r</subfield></datafield><datafield tag="200" ind1="0" ind2=" "><subfield code="6">a01</subfield><subfield code="7">da</subfield><subfield code="a">Parma</subfield><subfield code="b">Texte imprimé</subfield><subfield code="e">grazia e affetti, naura e artificio</subfield><subfield code="e">protagonisti dell'arte da Correggio a Lanfranco</subfield><subfield code="e">[Mostra], Tokyo, the national museum of western art, 29 maggio - 26 agosto 2007</subfield><subfield code="d">パルマ</subfield><subfield code="e">イタリア美術、もう一つの都</subfield><subfield code="f">[監修, 編集高梨光正]</subfield><subfield code="z">jpn</subfield></datafield><datafield tag="200" ind1="0" ind2=" "><subfield code="6">a01</subfield><subfield code="7">ba</subfield><subfield code="a">Paruma</subfield><subfield code="b">Texte imprimé</subfield><subfield code="e">Itaria bijutsu, mō hitotsu no miyako</subfield><subfield code="e">[Roshutsu], Kokuritsu Seiyō Bijutsukan, 2007, gogatsu, 29 - hachigatsu, 26</subfield><subfield code="d">Parma</subfield><subfield code="e">grazia e affetti, naura e artificio</subfield><subfield code="e">protagonisti dell'arte da Correggio a Lanfranco</subfield><subfield code="f">[kanshū, henshū Takanashi Mitsumasa]</subfield><subfield code="z">ita</subfield></datafield><datafield tag="210" ind1=" " ind2=" "><subfield code="6">a03</subfield><subfield code="7">da</subfield><subfield code="a">東京</subfield><subfield code="c">読売新聞東京本社</subfield><subfield code="d">2007</subfield></datafield><datafield tag="210" ind1=" " ind2=" "><subfield code="6">a03</subfield><subfield code="7">ba</subfield><subfield code="a">Tōkyō</subfield><subfield code="c">Yomiuri Shinbun Tōkyō Honsha</subfield><subfield code="d">cop. 2007</subfield></datafield><datafield tag="215" ind1=" " ind2=" "><subfield code="a">1 vol. (323 p.)</subfield><subfield code="c">ill. en noir et en coul.</subfield><subfield code="d">29 cm</subfield></datafield><datafield tag="302" ind1=" " ind2=" "><subfield code="a">Textes en japonais et en italien</subfield></datafield><datafield tag="320" ind1=" " ind2=" "><subfield code="a">Bibliogr. p.316-323</subfield></datafield><datafield tag="503" ind1="|" ind2=" "><subfield code="a">Exposition</subfield><subfield code="m">Tokyo</subfield><subfield code="n">The national museum of western art</subfield><subfield code="j">2007</subfield></datafield><datafield tag="510" ind1="|" ind2=" "><subfield code="a">パルマ</subfield><subfield code="e">イタリア美術、もう一つの</subfield><subfield code="z">jpn</subfield></datafield><datafield tag="602" ind1=" " ind2=" "><subfield code="3">027638669</subfield><subfield code="a">Farnèse (famille)</subfield><subfield code="3">029144434</subfield><subfield code="x">Et les arts</subfield><subfield code="2">rameau</subfield></datafield><datafield tag="606" ind1=" " ind2=" "><subfield code="a">Art, Italian</subfield><subfield code="y">Japan</subfield><subfield code="x">Exhibitions</subfield><subfield code="2">lc</subfield></datafield><datafield tag="606" ind1=" " ind2=" "><subfield code="3">050776355</subfield><subfield code="a">Art italien</subfield><subfield code="3">027262162</subfield><subfield code="y">Japon</subfield><subfield code="3">027320456</subfield><subfield code="x">Catalogues d'exposition</subfield><subfield code="2">rameau</subfield></datafield><datafield tag="606" ind1=" " ind2=" "><subfield code="3">027338797</subfield><subfield code="a">Peinture de la Renaissance</subfield><subfield code="3">027235408</subfield><subfield code="y">Italie</subfield><subfield code="3">027407780</subfield><subfield code="y">Parme (Italie)</subfield><subfield code="3">027320456</subfield><subfield code="x">Catalogues d'exposition</subfield><subfield code="2">rameau</subfield></datafield><datafield tag="606" ind1=" " ind2=" "><subfield code="3">027294498</subfield><subfield code="a">Maniérisme (art)</subfield><subfield code="3">027235408</subfield><subfield code="y">Italie</subfield><subfield code="3">027407780</subfield><subfield code="y">Parme (Italie)</subfield><subfield code="3">027320456</subfield><subfield code="x">Catalogues d'exposition</subfield><subfield code="2">rameau</subfield></datafield><datafield tag="606" ind1=" " ind2=" "><subfield code="3">027246248</subfield><subfield code="a">Peinture baroque</subfield><subfield code="3">027235408</subfield><subfield code="y">Italie</subfield><subfield code="3">027407780</subfield><subfield code="y">Parme (Italie)</subfield><subfield code="3">027320456</subfield><subfield code="x">Catalogues d'exposition</subfield><subfield code="2">rameau</subfield></datafield><datafield tag="680" ind1=" " ind2=" "><subfield code="a">ND614</subfield><subfield code="b">.P35 2007</subfield></datafield><datafield tag="680" ind1=" " ind2=" "><subfield code="a">N6914</subfield><subfield code="b">.P38 2007</subfield></datafield><datafield tag="700" ind1=" " ind2="1"><subfield code="6">a04</subfield><subfield code="7">da</subfield><subfield code="3">115486399</subfield><subfield code="a">高梨</subfield><subfield code="b">光正</subfield><subfield code="4">070</subfield></datafield><datafield tag="700" ind1=" " ind2="1"><subfield code="6">a04</subfield><subfield code="7">ba</subfield><subfield code="3">115486399</subfield><subfield code="a">Takanashi</subfield><subfield code="b">Mitsumasa</subfield><subfield code="4">070</subfield></datafield><datafield tag="712" ind1="0" ind2="2"><subfield code="6">a05</subfield><subfield code="7">da</subfield><subfield code="3">027608433</subfield><subfield code="a">国立西洋美術館</subfield><subfield code="4">340</subfield></datafield><datafield tag="712" ind1="0" ind2="2"><subfield code="6">a05</subfield><subfield code="7">ba</subfield><subfield code="3">027608433</subfield><subfield code="a">Musée national d'art occidental</subfield><subfield code="c">Tokyo</subfield><subfield code="4">340</subfield></datafield><datafield tag="801" ind1=" " ind2="3"><subfield code="a">FR</subfield><subfield code="b">Abes</subfield><subfield code="c">20091001</subfield><subfield code="g">AFNOR</subfield></datafield><datafield tag="801" ind1=" " ind2="0"><subfield code="b">LWU</subfield><subfield code="g">AACR2</subfield></datafield><datafield tag="801" ind1=" " ind2="2"><subfield code="b">GZM</subfield><subfield code="g">AACR2</subfield></datafield><datafield tag="915" ind1=" " ind2=" "><subfield code="5">751025206:375618465</subfield><subfield code="a">090200126396</subfield><subfield code="b">090200126396</subfield></datafield><datafield tag="930" ind1=" " ind2=" "><subfield code="5">751025206:375618465</subfield><subfield code="b">751025206</subfield><subfield code="a">4 MON 21778</subfield><subfield code="j">u</subfield></datafield></record>