<record><leader>     cas0 22        450 </leader><controlfield tag="001">001012614</controlfield><controlfield tag="005">20090707110835.000</controlfield><datafield tag="011" ind1=" " ind2=" "><subfield code="a">0015-9743</subfield><subfield code="f">0015-9743</subfield></datafield><datafield tag="035" ind1=" " ind2=" "><subfield code="a">032923511</subfield><subfield code="9">sudoc</subfield></datafield><datafield tag="035" ind1=" " ind2=" "><subfield code="a">ccn0015-9743</subfield></datafield><datafield tag="035" ind1=" " ind2=" "><subfield code="a">ocm02820564</subfield></datafield><datafield tag="035" ind1=" " ind2=" "><subfield code="a">sib0035134</subfield></datafield><datafield tag="035" ind1=" " ind2=" "><subfield code="a">Evry30906</subfield></datafield><datafield tag="035" ind1=" " ind2=" "><subfield code="a">frBN003903129</subfield></datafield><datafield tag="035" ind1=" " ind2=" "><subfield code="a">issn00159743</subfield></datafield><datafield tag="100" ind1=" " ind2=" "><subfield code="a">19910812a19709999k  y0frey0103    ba</subfield></datafield><datafield tag="101" ind1="0" ind2=" "><subfield code="a">fre</subfield></datafield><datafield tag="102" ind1=" " ind2=" "><subfield code="a">FR</subfield></datafield><datafield tag="105" ind1=" " ind2=" "><subfield code="a">y   |||||||||</subfield></datafield><datafield tag="106" ind1=" " ind2=" "><subfield code="a">r</subfield></datafield><datafield tag="110" ind1=" " ind2=" "><subfield code="a">aeu|||||uu|</subfield></datafield><datafield tag="200" ind1="1" ind2=" "><subfield code="a">Problèmes politiques et sociaux</subfield><subfield code="b">Texte imprimé</subfield><subfield code="e">articles et documents d'actualité mondiale</subfield></datafield><datafield tag="210" ind1=" " ind2=" "><subfield code="a">Paris</subfield><subfield code="c">Documentation française</subfield><subfield code="d">1970-</subfield></datafield><datafield tag="300" ind1=" " ind2=" "><subfield code="a">Articles dépouillés dans les bases de données "GENERALIS" et "REPERE" et indexés dans "International bibliography of sociology"</subfield></datafield><datafield tag="304" ind1=" " ind2=" "><subfield code="a">Le complément de titre disparaît avec le n° 882 (2002, nov.)</subfield></datafield><datafield tag="321" ind1=" " ind2=" "><subfield code="a">Sommaires en ligne</subfield><subfield code="u">http://www.ladocumentationfrancaise.fr/revues-collections/problemes-politiques-sociaux/collection.shtml</subfield></datafield><datafield tag="326" ind1=" " ind2=" "><subfield code="a">Mensuel</subfield><subfield code="b">2002-</subfield></datafield><datafield tag="326" ind1=" " ind2=" "><subfield code="a">Bimensuel</subfield><subfield code="b">1975-2001</subfield></datafield><datafield tag="326" ind1=" " ind2=" "><subfield code="a">Hebdomadaire</subfield><subfield code="b">1970-1974</subfield></datafield><datafield tag="423" ind1=" " ind2="|"><subfield code="0">039891747</subfield><subfield code="t">Problèmes politiques et sociaux. URSS</subfield><subfield code="x">1142-4974</subfield></datafield><datafield tag="423" ind1=" " ind2="|"><subfield code="0">039863824</subfield><subfield code="t">Problèmes politiques et sociaux. Extrême-Orient</subfield><subfield code="x">0992-9185</subfield></datafield><datafield tag="430" ind1=" " ind2="|"><subfield code="0">038394170</subfield><subfield code="t">Articles et documents (Paris)</subfield><subfield code="x">0992-9207</subfield></datafield><datafield tag="517" ind1="|" ind2=" "><subfield code="a">PPS</subfield></datafield><datafield tag="517" ind1="|" ind2=" "><subfield code="a">Dossiers d'actualité mondiale</subfield></datafield><datafield tag="517" ind1="|" ind2=" "><subfield code="a">Articles et documents. Problèmes politiques et sociaux</subfield></datafield><datafield tag="530" ind1="1" ind2=" "><subfield code="a">Problèmes politiques et sociaux. Articles et documents d'actualité mondiale</subfield></datafield><datafield tag="531" ind1=" " ind2=" "><subfield code="a">Probl. polit. soc. Artic. doc. actual. mond.</subfield></datafield><datafield tag="606" ind1=" " ind2=" "><subfield code="3">02772834X</subfield><subfield code="a">Relations internationales</subfield><subfield code="z">20e siècle</subfield><subfield code="3">02724640X</subfield><subfield code="x">Périodiques</subfield><subfield code="2">rameau</subfield></datafield><datafield tag="606" ind1=" " ind2=" "><subfield code="3">050614428</subfield><subfield code="a">Problèmes sociaux</subfield><subfield code="3">02724640X</subfield><subfield code="x">Périodiques</subfield><subfield code="2">rameau</subfield></datafield><datafield tag="675" ind1=" " ind2=" "><subfield code="a">327</subfield></datafield><datafield tag="676" ind1=" " ind2=" "><subfield code="a">320</subfield></datafield><datafield tag="710" ind1="0" ind2="2"><subfield code="3">026380293</subfield><subfield code="a">France</subfield><subfield code="b">Direction de la documentation française</subfield><subfield code="4">070</subfield></datafield><datafield tag="801" ind1=" " ind2="3"><subfield code="a">FR</subfield><subfield code="b">Abes</subfield><subfield code="c">20090707</subfield><subfield code="g">AFNOR</subfield></datafield><datafield tag="801" ind1=" " ind2="1"><subfield code="a">US</subfield><subfield code="b">OCLC</subfield><subfield code="g">AACR2</subfield></datafield><datafield tag="801" ind1=" " ind2="2"><subfield code="a">FR</subfield><subfield code="b">AUROC</subfield><subfield code="g">AFNOR</subfield></datafield><datafield tag="801" ind1=" " ind2="3"><subfield code="a">FR</subfield><subfield code="b">SF</subfield><subfield code="g">AFNOR</subfield></datafield><datafield tag="801" ind1=" " ind2="3"><subfield code="a">FR</subfield><subfield code="b">BN</subfield><subfield code="g">AFNOR</subfield></datafield><datafield tag="801" ind1=" " ind2="0"><subfield code="a">FR</subfield><subfield code="b">CNEPS</subfield><subfield code="g">AFNOR</subfield></datafield><datafield tag="801" ind1=" " ind2="3"><subfield code="a">FR</subfield><subfield code="b">ISSN</subfield><subfield code="c">20081014</subfield></datafield><datafield tag="802" ind1=" " ind2=" "><subfield code="a">07</subfield></datafield><datafield tag="930" ind1=" " ind2=" "><subfield code="5">751052129:275128296</subfield><subfield code="b">751052129</subfield><subfield code="a">P 94</subfield><subfield code="j">f</subfield></datafield><datafield tag="930" ind1=" " ind2=" "><subfield code="5">751182102:115158170</subfield><subfield code="b">751182102</subfield><subfield code="a">P 322</subfield><subfield code="j">f</subfield></datafield><datafield tag="930" ind1=" " ind2=" "><subfield code="5">751082101:115158197</subfield><subfield code="b">751082101</subfield><subfield code="a">GP181</subfield><subfield code="j">f</subfield></datafield><datafield tag="930" ind1=" " ind2=" "><subfield code="5">920512201:247313343</subfield><subfield code="b">920512201</subfield><subfield code="a">Per 90</subfield><subfield code="j">g</subfield></datafield><datafield tag="955" ind1="4" ind2="1"><subfield code="5">751052129:275128296</subfield><subfield code="b">55</subfield><subfield code="k">15</subfield><subfield code="j">jan</subfield><subfield code="i">1971</subfield></datafield><datafield tag="955" ind1=" " ind2=" "><subfield code="5">751052129:275128296</subfield><subfield code="b">328</subfield><subfield code="k">20</subfield><subfield code="j">jan</subfield><subfield code="i">1978</subfield><subfield code="b">628</subfield><subfield code="k">16</subfield><subfield code="j">mar</subfield><subfield code="i">1990</subfield></datafield><datafield tag="955" ind1=" " ind2=" "><subfield code="5">751052129:275128296</subfield><subfield code="b">755</subfield><subfield code="k">29</subfield><subfield code="j">sep</subfield><subfield code="i">1995</subfield><subfield code="b">756</subfield><subfield code="k">20</subfield><subfield code="j">oct</subfield><subfield code="i">1995</subfield></datafield><datafield tag="955" ind1=" " ind2=" "><subfield code="5">751052129:275128296</subfield><subfield code="b">794</subfield><subfield code="i">1997</subfield></datafield><datafield tag="955" ind1=" " ind2=" "><subfield code="5">751052129:275128296</subfield><subfield code="b">932</subfield><subfield code="j">jan</subfield><subfield code="i">2007</subfield><subfield code="i"/><subfield code="j"/><subfield code="k"/><subfield code="a"/><subfield code="b"/><subfield code="c"/><subfield code="w"> lac : 20% 1978-1990</subfield><subfield code="r">no. 55 (15-jan-1971) ;  no. 328 (20-jan-1978) - no. 628 (16-mar-1990) ;  no. 755 (29-sep-1995) - no. 756 (20-oct-1995) ;  no. 794 (1997) ;  no. 932 (jan-2007)-....</subfield></datafield><datafield tag="955" ind1=" " ind2=" "><subfield code="5">751182102:115158170</subfield><subfield code="a">824</subfield><subfield code="i">1999</subfield><subfield code="i"/><subfield code="j"/><subfield code="k"/><subfield code="a"/><subfield code="b"/><subfield code="c"/><subfield code="r">vol. 824 (1999)-....</subfield></datafield><datafield tag="955" ind1=" " ind2=" "><subfield code="5">751082101:115158197</subfield><subfield code="i">1970</subfield><subfield code="i"/><subfield code="j"/><subfield code="k"/><subfield code="a"/><subfield code="b"/><subfield code="c"/><subfield code="r">(1970)-....</subfield></datafield><datafield tag="955" ind1="4" ind2="1"><subfield code="5">920512201:247313343</subfield><subfield code="a">868</subfield><subfield code="i">2002</subfield><subfield code="i"/><subfield code="j"/><subfield code="k"/><subfield code="a"/><subfield code="b"/><subfield code="c"/><subfield code="r">vol. 868 (2002)-....</subfield></datafield><datafield tag="991" ind1=" " ind2=" "><subfield code="5">920512201:247313343</subfield><subfield code="a">Rétroconversion</subfield><subfield code="b">RISC</subfield><subfield code="c">RISC</subfield></datafield><datafield tag="999" ind1=" " ind2=" "><subfield code="5">751182102:115158170</subfield><subfield code="a">824,1999-</subfield></datafield><datafield tag="999" ind1=" " ind2=" "><subfield code="5">751082101:115158197</subfield><subfield code="a">1970-</subfield></datafield></record>