<record><leader>     cas0 22        450 </leader><controlfield tag="001">44536601X</controlfield><controlfield tag="005">20091102090544.000</controlfield><datafield tag="100" ind1=" " ind2=" "><subfield code="a">20090603a19009999|||||frey0103    ba</subfield></datafield><datafield tag="101" ind1="0" ind2=" "><subfield code="a">fre</subfield></datafield><datafield tag="102" ind1=" " ind2=" "><subfield code="a">FR</subfield></datafield><datafield tag="105" ind1=" " ind2=" "><subfield code="a">y   |||||||||</subfield></datafield><datafield tag="110" ind1=" " ind2=" "><subfield code="a">ac|||||0|||</subfield></datafield><datafield tag="200" ind1="1" ind2=" "><subfield code="a">Test export des exemplaires</subfield><subfield code="h">1</subfield><subfield code="i">Commentaires et mention de lacunes</subfield></datafield><datafield tag="801" ind1=" " ind2="3"><subfield code="a">FR</subfield><subfield code="b">Abes</subfield><subfield code="c">20091102</subfield><subfield code="g">AFNOR</subfield></datafield></record>