<record><leader>02253nam0a2200337   4500</leader><controlfield tag="001">136894577</controlfield><controlfield tag="005" ind1="2" ind2="0"/><datafield tag="010" ind1=" " ind2=" "><subfield code="a">960-214-569-2</subfield><subfield code="b">br.</subfield></datafield><datafield tag="100" ind1=" " ind2=" "><subfield code="a">20091001d2006    k  |0frea50      ga</subfield></datafield><datafield tag="101" ind1="0" ind2=" "><subfield code="a">gre</subfield><subfield code="d">eng</subfield><subfield code="f">gre</subfield></datafield><datafield tag="102" ind1=" " ind2=" "><subfield code="a">GR</subfield></datafield><datafield tag="105" ind1=" " ind2=" "><subfield code="a">a   z   001yy</subfield></datafield><datafield tag="106" ind1=" " ind2=" "><subfield code="a">r</subfield></datafield><datafield tag="200" ind1="1" ind2=" "><subfield code="6">a01</subfield><subfield code="7">ga</subfield><subfield code="a">Στο Θάρι της Ρόδου</subfield><subfield code="classified-a">Θάρι της Ρόδου</subfield><subfield code="b">Texte imprimé</subfield><subfield code="e">ο ναός και οι τοιχογραφίες της Μονής του Ταξιάρχη Μιχαήλ</subfield><subfield code="f">Μυρτάλη Αχειμάστου-Ποταμιάνου</subfield></datafield><datafield tag="200" ind1="1" ind2=" "><subfield code="6">a01</subfield><subfield code="7">ba</subfield><subfield code="a">Sto Thári tēs Ródou</subfield><subfield code="classified-a">Thári tēs Ródou</subfield><subfield code="b">Texte imprimé</subfield><subfield code="e">o naós kai oi toichographíes tēs Monḗs tou Taxiárchē Michaḗl</subfield><subfield code="f">Myrtálē Acheimástou-Potamiánou</subfield></datafield><datafield tag="210" ind1=" " ind2=" "><subfield code="6">a02</subfield><subfield code="7">ga</subfield><subfield code="a">Αθήνα</subfield><subfield code="c">Υπουργείο Πολιτισμού, Ταμείο Αρχαιολογικών Πόρων και Απαλλοτριώσεων</subfield><subfield code="d">2006</subfield></datafield><datafield tag="210" ind1=" " ind2=" "><subfield code="6">a02</subfield><subfield code="7">ba</subfield><subfield code="a">Athḗna</subfield><subfield code="c">Ypourgeío Politismoú, Tameío Archaiologikṓn Pórōn kai Apallotriṓseōn</subfield><subfield code="d">2006</subfield></datafield><datafield tag="215" ind1=" " ind2=" "><subfield code="a">1 vol. (177 p.-85 p. de pl.)</subfield><subfield code="c">ill. en noir et en coul., couv. ill.</subfield><subfield code="d">28 cm.</subfield></datafield><datafield tag="225" ind1=" " ind2=" "><subfield code="6">a03</subfield><subfield code="7">ga</subfield><subfield code="a">Δημοσιεύματα του Αρχαιολογικού Δελτίου</subfield><subfield code="v">96</subfield></datafield><datafield tag="225" ind1=" " ind2=" "><subfield code="6">a03</subfield><subfield code="7">ba</subfield><subfield code="a">Dēmosieúmata tou Archaiologikoú Deltíou</subfield><subfield code="v">96</subfield></datafield><datafield tag="302" ind1=" " ind2=" "><subfield code="a">Résumé en anglais</subfield></datafield><datafield tag="320" ind1=" " ind2=" "><subfield code="a">Bibliogr. p. 11-13. Notes bibliogr. Index</subfield></datafield><datafield tag="410" ind1=" " ind2="|"><subfield code="6">a04</subfield><subfield code="7">ga</subfield><subfield code="0">036220566</subfield><subfield code="t">Δημοσιεύματα του Αρχαιολογικού Δελτίου</subfield><subfield code="b">Texte imprimé</subfield><subfield code="x">1108-1244</subfield><subfield code="v">96</subfield></datafield><datafield tag="410" ind1=" " ind2="|"><subfield code="6">a04</subfield><subfield code="7">ba</subfield><subfield code="0">036220566</subfield><subfield code="t">Dēmosieumata tou Arhaiologikou Deltiou</subfield><subfield code="x">1108-1244</subfield><subfield code="v">96</subfield></datafield><datafield tag="606" ind1=" " ind2=" "><subfield code="3">027599485</subfield><subfield code="a">Peinture et décoration murales byzantines</subfield><subfield code="3">027228428</subfield><subfield code="y">Grèce</subfield><subfield code="3">027446727</subfield><subfield code="y">Rhodes (Grèce ; île)</subfield><subfield code="2">rameau</subfield></datafield><datafield tag="606" ind1=" " ind2=" "><subfield code="3">02726954X</subfield><subfield code="a">Antiquités chrétiennes</subfield><subfield code="3">027446727</subfield><subfield code="y">Rhodes (Grèce ; île)</subfield><subfield code="2">rameau</subfield></datafield><datafield tag="606" ind1=" " ind2=" "><subfield code="3">030470633</subfield><subfield code="a">Décoration byzantine</subfield><subfield code="3">027446727</subfield><subfield code="y">Rhodes (Grèce ; île)</subfield><subfield code="2">rameau</subfield></datafield><datafield tag="700" ind1=" " ind2="1"><subfield code="6">a05</subfield><subfield code="7">ga</subfield><subfield code="a">Αχειμάστου-Ποταμιάνου</subfield><subfield code="b">Μυρτάλη</subfield><subfield code="4">070</subfield></datafield><datafield tag="700" ind1=" " ind2="1"><subfield code="6">a05</subfield><subfield code="7">ba</subfield><subfield code="3">086209590</subfield><subfield code="a">Acheimástou-Potamiánou</subfield><subfield code="b">Myrtáli</subfield><subfield code="4">070</subfield></datafield><datafield tag="801" ind1=" " ind2="3"><subfield code="a">FR</subfield><subfield code="b">Abes</subfield><subfield code="c">20091001</subfield><subfield code="g">AFNOR</subfield></datafield><datafield tag="930" ind1=" " ind2=" "><subfield code="5">991262301:375588248</subfield><subfield code="b">991262301</subfield><subfield code="a">218.418</subfield><subfield code="j">f</subfield></datafield></record>