<record><leader>01864nam0a2200349   4500</leader><controlfield tag="001">136917895</controlfield><controlfield tag="005" ind1="2" ind2="0"/><datafield tag="035" ind1=" " ind2=" "><subfield code="a">ocm31058530</subfield></datafield><datafield tag="100" ind1=" " ind2=" "><subfield code="a">20091002d1883    u  y0frec50      ga</subfield></datafield><datafield tag="101" ind1="0" ind2=" "><subfield code="a">gre</subfield></datafield><datafield tag="102" ind1=" " ind2=" "><subfield code="a">GR</subfield></datafield><datafield tag="105" ind1=" " ind2=" "><subfield code="a">bj  a7z 000yy</subfield></datafield><datafield tag="106" ind1=" " ind2=" "><subfield code="a">r</subfield></datafield><datafield tag="200" ind1="1" ind2=" "><subfield code="6">a01</subfield><subfield code="7">ga</subfield><subfield code="a">Περίληψις περιηγήσεων</subfield><subfield code="b">Texte imprimé</subfield><subfield code="f">Ποταγού</subfield></datafield><datafield tag="200" ind1="1" ind2=" "><subfield code="6">a01</subfield><subfield code="7">ba</subfield><subfield code="a">Perilēpsis periēgēseōn</subfield><subfield code="b">Texte imprimé</subfield><subfield code="f">Potagou</subfield></datafield><datafield tag="210" ind1=" " ind2=" "><subfield code="6">a02</subfield><subfield code="7">ga</subfield><subfield code="a">Εν Αθήναις</subfield><subfield code="c">εκ του τυπογραφείου Α. Κτένα</subfield><subfield code="d">1883</subfield></datafield><datafield tag="210" ind1=" " ind2=" "><subfield code="6">a02</subfield><subfield code="7">ba</subfield><subfield code="a">En Athēnais</subfield><subfield code="c">ek tou typografeiou A. Ktena</subfield><subfield code="d">1883</subfield></datafield><datafield tag="215" ind1=" " ind2=" "><subfield code="a">1 vol. (ιζ [17] - 708 p.</subfield><subfield code="c">2 dép. de pl.</subfield><subfield code="d">21 cm</subfield></datafield><datafield tag="300" ind1=" " ind2=" "><subfield code="a">Ouvrage soutenu par la Société de Géographie de Paris (MM. Grandidier et De la Roncière le Noury, Présidents)</subfield></datafield><datafield tag="300" ind1=" " ind2=" "><subfield code="a">Publié grâce au soutien financier de l'Université nationale, Athènes (M. P.G. Kyriakos, Prytane)</subfield></datafield><datafield tag="300" ind1=" " ind2=" "><subfield code="a">Les autres volumes annoncés en introduction n'ont pas pu être publiés du vivant de l'auteur</subfield></datafield><datafield tag="305" ind1=" " ind2=" "><subfield code="a">Edition française deux années après sous le titre de "Dix années de voyages dans l’Asie centrale et l’Afrique équatoriale”, Ernest Leroux Editeur, Paris 1885</subfield></datafield><datafield tag="607" ind1=" " ind2=" "><subfield code="3">027283518</subfield><subfield code="a">Asie centrale</subfield><subfield code="3">027652920</subfield><subfield code="x">Descriptions et voyages</subfield><subfield code="2">rameau</subfield></datafield><datafield tag="607" ind1=" " ind2=" "><subfield code="3">027218546</subfield><subfield code="a">Afrique</subfield><subfield code="3">027652920</subfield><subfield code="x">Descriptions et voyages</subfield><subfield code="2">rameau</subfield></datafield><datafield tag="700" ind1=" " ind2="1"><subfield code="6">a03</subfield><subfield code="7">ga</subfield><subfield code="3">136917968</subfield><subfield code="a">Ποταγός</subfield><subfield code="b">Παναγιώτης</subfield><subfield code="f">1838-1904</subfield><subfield code="4">070</subfield></datafield><datafield tag="700" ind1=" " ind2="1"><subfield code="6">a03</subfield><subfield code="7">ba</subfield><subfield code="3">136917968</subfield><subfield code="a">Potagós</subfield><subfield code="b">Panagiṓtēs</subfield><subfield code="f">1838-1904</subfield><subfield code="4">070</subfield></datafield><datafield tag="801" ind1=" " ind2="3"><subfield code="a">FR</subfield><subfield code="b">Abes</subfield><subfield code="c">20091002</subfield><subfield code="g">AFNOR</subfield></datafield><datafield tag="801" ind1=" " ind2="1"><subfield code="a">US</subfield><subfield code="b">OCLC</subfield><subfield code="g">AACR2</subfield></datafield><datafield tag="801" ind1=" " ind2="2"><subfield code="a">FR</subfield><subfield code="b">AUROC</subfield><subfield code="g">AFNOR</subfield></datafield><datafield tag="801" ind1=" " ind2="0"><subfield code="b">CIN</subfield><subfield code="g">AACR2</subfield></datafield><datafield tag="930" ind1=" " ind2=" "><subfield code="5">751052120:375691316</subfield><subfield code="b">751052120</subfield><subfield code="a">INH 25.6</subfield><subfield code="j">g</subfield></datafield><datafield tag="991" ind1=" " ind2=" "><subfield code="5">751052120:375691316</subfield><subfield code="a">Rétroconversion</subfield><subfield code="b">InstitutNeohellenique2009cre</subfield></datafield></record>