<record><leader>01953nam0a22003491  4500</leader><controlfield tag="001">136819869</controlfield><controlfield tag="005" ind1="2" ind2="0"/><datafield tag="100" ind1=" " ind2=" "><subfield code="a">20090925d1923    k  y0frea50      ca</subfield></datafield><datafield tag="101" ind1="0" ind2=" "><subfield code="a">ukr</subfield></datafield><datafield tag="102" ind1=" " ind2=" "><subfield code="a">UA</subfield></datafield><datafield tag="105" ind1=" " ind2=" "><subfield code="a">y   ||||00|yy</subfield></datafield><datafield tag="106" ind1=" " ind2=" "><subfield code="a">r</subfield></datafield><datafield tag="200" ind1="1" ind2=" "><subfield code="6">a01</subfield><subfield code="7">ca</subfield><subfield code="a">Зимовий похід 1919-20 рр.</subfield><subfield code="h">Частина I</subfield><subfield code="i">Політичный огляд</subfield><subfield code="e">з документами в тексті і додатках</subfield><subfield code="b">Texte imprimé</subfield><subfield code="f">Юрко Тютюник</subfield></datafield><datafield tag="200" ind1="1" ind2=" "><subfield code="6">a01</subfield><subfield code="7">ba</subfield><subfield code="a">Zimovij pohìd 1919-20 rr.</subfield><subfield code="h">Častina I</subfield><subfield code="i">Polìtičnyj oglâd</subfield><subfield code="e">z dokumentami v tekstì ì dodatkah</subfield><subfield code="b">Texte imprimé</subfield><subfield code="f">Ûrko Tûtûnik</subfield></datafield><datafield tag="210" ind1=" " ind2=" "><subfield code="6">a02</subfield><subfield code="7">ca</subfield><subfield code="a">Коломия</subfield><subfield code="c">накладом вид-ва "Трембіта"</subfield><subfield code="d">1923</subfield></datafield><datafield tag="210" ind1=" " ind2=" "><subfield code="6">a02</subfield><subfield code="7">ba</subfield><subfield code="a">Kolomiâ</subfield><subfield code="c">nakladom vid-va "Trembìta"</subfield><subfield code="d">1923</subfield></datafield><datafield tag="215" ind1=" " ind2=" "><subfield code="a">1 vol. (99 p.)</subfield><subfield code="d">In-8</subfield></datafield><datafield tag="225" ind1="2" ind2=" "><subfield code="6">a03</subfield><subfield code="7">ca</subfield><subfield code="a">Матеріяли і замітки до історії визвольної боротьби</subfield><subfield code="v">Кн.I</subfield></datafield><datafield tag="225" ind1="2" ind2=" "><subfield code="6">a03</subfield><subfield code="7">ba</subfield><subfield code="a">Materìâli ì zamìtki do ìstorìï vizvolʹnoï borotʹbi</subfield><subfield code="v">Kn.I</subfield></datafield><datafield tag="316" ind1=" " ind2=" "><subfield code="5">751072101:375297472</subfield><subfield code="a">Hommage d'auteur.</subfield></datafield><datafield tag="410" ind1=" " ind2="|"><subfield code="6">a04</subfield><subfield code="7">ca</subfield><subfield code="t">Матеріяли і замітки до історії визвольної боротьби</subfield><subfield code="v">1</subfield></datafield><datafield tag="410" ind1=" " ind2="|"><subfield code="6">a04</subfield><subfield code="7">ba</subfield><subfield code="t">Materìâli ì zamìtki do ìstorìï vizvolʹnoï borotʹbi</subfield><subfield code="v">1</subfield></datafield><datafield tag="517" ind1="|" ind2=" "><subfield code="6">a05</subfield><subfield code="7">ca</subfield><subfield code="a">Політичный огляд: з документами в тексті і додатках</subfield></datafield><datafield tag="517" ind1="|" ind2=" "><subfield code="6">a05</subfield><subfield code="7">ba</subfield><subfield code="a">Polìtičnyj oglâd: z dokumentami v tekstì ì dodatkah</subfield></datafield><datafield tag="700" ind1=" " ind2="1"><subfield code="6">a06</subfield><subfield code="7">ca</subfield><subfield code="a">Тютюник</subfield><subfield code="b">Юрко</subfield><subfield code="4">070</subfield></datafield><datafield tag="700" ind1=" " ind2="1"><subfield code="6">a06</subfield><subfield code="7">ba</subfield><subfield code="a">Tûtûnik</subfield><subfield code="b">Ûrko</subfield><subfield code="4">070</subfield></datafield><datafield tag="801" ind1=" " ind2="3"><subfield code="a">FR</subfield><subfield code="b">Abes</subfield><subfield code="c">20090925</subfield><subfield code="g">AFNOR</subfield></datafield><datafield tag="915" ind1=" " ind2=" "><subfield code="5">751072101:375297472</subfield><subfield code="a">D.46022</subfield></datafield><datafield tag="930" ind1=" " ind2=" "><subfield code="5">751072101:375297472</subfield><subfield code="b">751072101</subfield><subfield code="a">UKR.III.328</subfield><subfield code="j">s</subfield></datafield><datafield tag="991" ind1=" " ind2=" "><subfield code="5">751072101:375297472</subfield><subfield code="a">SAFIG-B</subfield><subfield code="b">BIULO Gcc39</subfield><subfield code="c">AG</subfield></datafield><datafield tag="992" ind1=" " ind2=" "><subfield code="5">751072101:375297472</subfield><subfield code="a">64</subfield><subfield code="2">dombulac</subfield></datafield><datafield tag="999" ind1=" " ind2=" "><subfield code="5">751072101:375297472</subfield><subfield code="a">CYR</subfield><subfield code="m">101</subfield><subfield code="n">bl000</subfield></datafield></record>