<record><leader>01470nam0a2200277   4500</leader><controlfield tag="001">136851231</controlfield><controlfield tag="005" ind1="2" ind2="0"/><datafield tag="100" ind1=" " ind2=" "><subfield code="a">20090929d1966    k  y1frea50      mb</subfield></datafield><datafield tag="101" ind1="0" ind2=" "><subfield code="a">arm</subfield></datafield><datafield tag="102" ind1=" " ind2=" "><subfield code="a">LB</subfield></datafield><datafield tag="105" ind1=" " ind2=" "><subfield code="a">y   ||||000by</subfield></datafield><datafield tag="106" ind1=" " ind2=" "><subfield code="a">r</subfield></datafield><datafield tag="200" ind1="1" ind2=" "><subfield code="6">a01</subfield><subfield code="7">mb</subfield><subfield code="a">Յոբելեարը</subfield><subfield code="b">Texte imprimé</subfield><subfield code="e">կամ հայ մտաւորականը արտասահմանի մէջ</subfield><subfield code="e">Ազգային թատրերգութիւն 2 արարով</subfield><subfield code="f">Յակոբ Թորոսեան</subfield></datafield><datafield tag="200" ind1="1" ind2=" "><subfield code="6">a01</subfield><subfield code="7">ba</subfield><subfield code="a">Yobelearë</subfield><subfield code="b">Texte imprimé</subfield><subfield code="e">kam hay mtaworakanë artasahmani mēǰ</subfield><subfield code="e">Azgayin t̕atrergowt̕iwn 2 ararov</subfield><subfield code="f">Yakob T̕orosean</subfield></datafield><datafield tag="210" ind1=" " ind2=" "><subfield code="6">a02</subfield><subfield code="7">mb</subfield><subfield code="a">Պէյրութ [Լիբանան]</subfield><subfield code="c">[Հրատարակութիւն Կ. Տօնիկեան եւ որդիք գրատան]</subfield><subfield code="d">1966</subfield></datafield><datafield tag="210" ind1=" " ind2=" "><subfield code="6">a02</subfield><subfield code="7">ba</subfield><subfield code="a">Pēyrowt̕ [Libanan]</subfield><subfield code="c">[Hratarakowt̕iwn K. Tōnikean ew ordik̕ gratan]</subfield><subfield code="d">1966</subfield></datafield><datafield tag="215" ind1=" " ind2=" "><subfield code="a">1 vol. (68 p.)</subfield><subfield code="d">23 cm</subfield></datafield><datafield tag="606" ind1=" " ind2=" "><subfield code="3">061618632</subfield><subfield code="a">Théâtre arménien</subfield><subfield code="3">086305646</subfield><subfield code="z">20e siècle</subfield><subfield code="2">rameau</subfield></datafield><datafield tag="606" ind1=" " ind2=" "><subfield code="3">032422911</subfield><subfield code="a">Littérature arménienne</subfield><subfield code="3">086305646</subfield><subfield code="z">20e siècle</subfield><subfield code="2">rameau</subfield></datafield><datafield tag="700" ind1=" " ind2="1"><subfield code="6">a03</subfield><subfield code="7">mb</subfield><subfield code="3">134526007</subfield><subfield code="a">Թորոսեան</subfield><subfield code="b">Յակոբ</subfield><subfield code="f">Date-....</subfield><subfield code="4">070</subfield></datafield><datafield tag="700" ind1=" " ind2="1"><subfield code="6">a03</subfield><subfield code="7">ba</subfield><subfield code="3">134526007</subfield><subfield code="a">T̕orosean</subfield><subfield code="b">Yakob</subfield><subfield code="f">Date-....</subfield><subfield code="4">070</subfield></datafield><datafield tag="801" ind1=" " ind2="3"><subfield code="a">FR</subfield><subfield code="b">Abes</subfield><subfield code="c">20090929</subfield><subfield code="g">AFNOR</subfield></datafield><datafield tag="915" ind1=" " ind2=" "><subfield code="5">751072101:375424407</subfield><subfield code="a">A.1195950379</subfield><subfield code="b">1195950379</subfield></datafield><datafield tag="930" ind1=" " ind2=" "><subfield code="5">751072101:375424407</subfield><subfield code="b">751072101</subfield><subfield code="c">Clichy</subfield><subfield code="a">ARM.C.III.358</subfield><subfield code="j">g</subfield></datafield><datafield tag="992" ind1=" " ind2=" "><subfield code="5">751072101:375424407</subfield><subfield code="a">66</subfield><subfield code="2">dombulac</subfield></datafield><datafield tag="999" ind1=" " ind2=" "><subfield code="5">751072101:375424407</subfield><subfield code="m">101</subfield><subfield code="n">bc000</subfield></datafield></record>