<record><leader>02691nam0a2200445   4500</leader><controlfield tag="001">136867278</controlfield><controlfield tag="005" ind1="2" ind2="0"/><datafield tag="010" ind1=" " ind2=" "><subfield code="b">rel.</subfield></datafield><datafield tag="100" ind1=" " ind2=" "><subfield code="a">20090929d1933    k  y0frea50      ha</subfield></datafield><datafield tag="101" ind1="0" ind2=" "><subfield code="a">heb</subfield><subfield code="a">eng</subfield></datafield><datafield tag="102" ind1=" " ind2=" "><subfield code="a">IL</subfield></datafield><datafield tag="105" ind1=" " ind2=" "><subfield code="a">y   ||||001yy</subfield></datafield><datafield tag="106" ind1=" " ind2=" "><subfield code="a">r</subfield></datafield><datafield tag="200" ind1="1" ind2=" "><subfield code="6">a01</subfield><subfield code="7">ha/r</subfield><subfield code="a">אוצר בדויי השם</subfield><subfield code="e">מפתח השמות הבדויים של המחברים בספרות ישראל בעברית ובאידיש</subfield><subfield code="b">Texte imprimé</subfield><subfield code="f">שאול חיות</subfield></datafield><datafield tag="200" ind1="1" ind2=" "><subfield code="6">a01</subfield><subfield code="7">ba</subfield><subfield code="a">ʾWṣr bdwyy hs̀m</subfield><subfield code="e">mptḥ hs̀mwt hbdwyym s̀l hmḥbrym bsprwt Ys̀rʾl bʿbryt wbʾydys̀</subfield><subfield code="b">Texte imprimé</subfield><subfield code="f">S̀ʾwl Ḥywt</subfield></datafield><datafield tag="210" ind1=" " ind2=" "><subfield code="6">a02</subfield><subfield code="7">ha/r</subfield><subfield code="a">וינא</subfield><subfield code="a">ירושלים</subfield><subfield code="c">במברגר את ואהרמן</subfield><subfield code="d">תרצ''ג</subfield></datafield><datafield tag="210" ind1=" " ind2=" "><subfield code="6">a02</subfield><subfield code="7">ba</subfield><subfield code="a">Wynʾ</subfield><subfield code="a">Yrws̀lym</subfield><subfield code="c">Bmbrgr ʾt Wʾhrmn</subfield><subfield code="d">1933</subfield></datafield><datafield tag="215" ind1=" " ind2=" "><subfield code="a">1 vol. (XIV- 336 p. - [X-66 p.])</subfield><subfield code="d">24 cm</subfield></datafield><datafield tag="302" ind1=" " ind2=" "><subfield code="a">Index des sources p. 337 (11 p.) en langue orientale et occidentale, qui précède la liste des erreurs et la table des matières en hébreu. Index des noms d'auteurs en langue occidentale en fin d'ouvrage (après la table des matières)</subfield></datafield><datafield tag="303" ind1=" " ind2=" "><subfield code="a">Préface en anglais de George Alexander Kohut (décembre 1932)</subfield></datafield><datafield tag="304" ind1=" " ind2=" "><subfield code="a">Titre en allemand sur une autre page de titre: Pseudonymen-Lexikon der Hebräischen und Jiddischen Literatur</subfield></datafield><datafield tag="304" ind1=" " ind2=" "><subfield code="a">Titre en latin sur une autre page de titre: Thesaurus Pseudonymorum quae in Litteratura hebraica et judaeo-germanica inveniuntur</subfield></datafield><datafield tag="306" ind1=" " ind2=" "><subfield code="a">Bamberger &amp; Wahrman, Jerusalem</subfield></datafield><datafield tag="316" ind1=" " ind2=" "><subfield code="5">751072101:375486135</subfield><subfield code="a"> Exclu du prêt</subfield></datafield><datafield tag="320" ind1=" " ind2=" "><subfield code="a">Glossaire. Index</subfield></datafield><datafield tag="517" ind1="|" ind2=" "><subfield code="a">Pseudonymen-Lexikon der Hebräischen und Jiddischen Literatur</subfield></datafield><datafield tag="517" ind1="|" ind2=" "><subfield code="a">Thesaurus Pseudonymorum quae in Litteratura Hebraica et Judaeo-germanica Inveniuntur</subfield></datafield><datafield tag="606" ind1=" " ind2=" "><subfield code="3">027439054</subfield><subfield code="a">Écrivains juifs</subfield><subfield code="3">027232050</subfield><subfield code="x">Dictionnaires</subfield><subfield code="3">086305646</subfield><subfield code="z">20e siècle</subfield><subfield code="2">rameau</subfield></datafield><datafield tag="606" ind1=" " ind2=" "><subfield code="3">077067010</subfield><subfield code="a">Écrivains de langue hébraïque</subfield><subfield code="3">027232050</subfield><subfield code="x">Dictionnaires</subfield><subfield code="3">086305646</subfield><subfield code="z">20e siècle</subfield><subfield code="2">rameau</subfield></datafield><datafield tag="606" ind1=" " ind2=" "><subfield code="3">028219899</subfield><subfield code="a">Écrivains yiddish</subfield><subfield code="3">027232050</subfield><subfield code="x">Dictionnaires</subfield><subfield code="3">086305646</subfield><subfield code="z">20e siècle</subfield><subfield code="2">rameau</subfield></datafield><datafield tag="606" ind1=" " ind2=" "><subfield code="3">02773904X</subfield><subfield code="a">Ashkénazes</subfield><subfield code="3">050627015</subfield><subfield code="x">Auteurs juifs</subfield><subfield code="3">086305646</subfield><subfield code="z">20e siècle</subfield><subfield code="2">rameau</subfield></datafield><datafield tag="700" ind1=" " ind2="1"><subfield code="6">a03</subfield><subfield code="7">ha/r</subfield><subfield code="3">136869653</subfield><subfield code="a">חיות</subfield><subfield code="b">שאול</subfield><subfield code="4">070</subfield></datafield><datafield tag="700" ind1=" " ind2="1"><subfield code="6">a03</subfield><subfield code="7">ba</subfield><subfield code="3">136869653</subfield><subfield code="a">Chajes</subfield><subfield code="b">Saul</subfield><subfield code="4">070</subfield></datafield><datafield tag="801" ind1=" " ind2="3"><subfield code="a">FR</subfield><subfield code="b">Abes</subfield><subfield code="c">20090929</subfield><subfield code="g">AFNOR</subfield></datafield><datafield tag="915" ind1=" " ind2=" "><subfield code="5">751072101:375486135</subfield><subfield code="a">A.48339</subfield><subfield code="b">1192934785</subfield></datafield><datafield tag="930" ind1=" " ind2=" "><subfield code="5">751072101:375486135</subfield><subfield code="b">751072101</subfield><subfield code="a">USU.HEB.REF.17</subfield><subfield code="j">u</subfield></datafield><datafield tag="931" ind1=" " ind2=" "><subfield code="5">751072101:375486135</subfield><subfield code="b">751072101</subfield><subfield code="a">HEB.III.3076</subfield></datafield><datafield tag="932" ind1=" " ind2=" "><subfield code="5">751072101:375486135</subfield><subfield code="b">751072101</subfield><subfield code="a">LARS</subfield><subfield code="i">23XH</subfield><subfield code="g">861.301</subfield><subfield code="h">CHA</subfield><subfield code="v">c</subfield><subfield code="2">c</subfield></datafield><datafield tag="992" ind1=" " ind2=" "><subfield code="5">751072101:375486135</subfield><subfield code="a">22</subfield><subfield code="2">dombulac</subfield></datafield><datafield tag="999" ind1=" " ind2=" "><subfield code="5">751072101:375486135</subfield><subfield code="m">101</subfield><subfield code="n">blm00</subfield></datafield></record>