<record><leader>01933nam0a22003611  4500</leader><controlfield tag="001">136845045</controlfield><controlfield tag="005" ind1="2" ind2="0"/><datafield tag="100" ind1=" " ind2=" "><subfield code="a">20090928d1972    k  y0frea50      fa</subfield></datafield><datafield tag="101" ind1="0" ind2=" "><subfield code="a">ara</subfield></datafield><datafield tag="102" ind1=" " ind2=" "><subfield code="a">LB</subfield></datafield><datafield tag="105" ind1=" " ind2=" "><subfield code="a">y   a   001|y</subfield></datafield><datafield tag="106" ind1=" " ind2=" "><subfield code="a">r</subfield></datafield><datafield tag="200" ind1="1" ind2=" "><subfield code="6">a02</subfield><subfield code="7">fa/r</subfield><subfield code="a">مغني اللبيب عن كتب الاعاريب</subfield><subfield code="b">Texte imprimé</subfield><subfield code="f">لجمال الدين بن حشام الانصاري</subfield><subfield code="g">حققه وعلق عليه مازن المبارك [و] محمد علي حمد الله</subfield><subfield code="g">راجعه سعيد الافغاني</subfield></datafield><datafield tag="200" ind1="1" ind2=" "><subfield code="6">a02</subfield><subfield code="7">ba</subfield><subfield code="a">Muġnī al-labīb ʻan kutub al-ʼaʻārīb</subfield><subfield code="b">Texte imprimé</subfield><subfield code="f">li-Ǧamāl al-Dīn ibn Hišām al-ʼAnṣārī</subfield><subfield code="g">ḥaqqaqa-hu wa-ʻallaqa ʻalay-hi Māzin al-Mubārak [wa-] Muḥammad ʻAlī Ḥamd ʼAllāh, rāǧaʻa-hu Saʻīd al-ʼAfġānī</subfield></datafield><datafield tag="205" ind1=" " ind2=" "><subfield code="a">[al-Ṭabʻaẗ 1]</subfield></datafield><datafield tag="210" ind1=" " ind2=" "><subfield code="6">a03</subfield><subfield code="7">fa/r</subfield><subfield code="a">بيروت</subfield><subfield code="c">دار الفكر</subfield><subfield code="d">1972</subfield></datafield><datafield tag="210" ind1=" " ind2=" "><subfield code="6">a03</subfield><subfield code="7">ba</subfield><subfield code="a">Bayrūt</subfield><subfield code="c">Dār al-Fikr</subfield><subfield code="d">1972</subfield></datafield><datafield tag="215" ind1=" " ind2=" "><subfield code="a">1 vol. (1016 p.)</subfield><subfield code="d">25 cm</subfield></datafield><datafield tag="606" ind1=" " ind2=" "><subfield code="3">027219623</subfield><subfield code="a">Arabe (langue)</subfield><subfield code="3">028630653</subfield><subfield code="x">Syntaxe</subfield><subfield code="2">rameau</subfield></datafield><datafield tag="700" ind1=" " ind2="1"><subfield code="6">a01</subfield><subfield code="7">fa/r</subfield><subfield code="3">068918739</subfield><subfield code="a">ابن هشام</subfield><subfield code="b">عبد ألله ابن يوسف</subfield><subfield code="4">070</subfield></datafield><datafield tag="700" ind1=" " ind2="1"><subfield code="6">a01</subfield><subfield code="7">ba</subfield><subfield code="3">068918739</subfield><subfield code="a">Ibn Hišām</subfield><subfield code="b">ʿAbd Allāh ibn Yūsuf</subfield><subfield code="f">1310-1360</subfield><subfield code="4">070</subfield></datafield><datafield tag="702" ind1=" " ind2="1"><subfield code="6">a02</subfield><subfield code="7">fa/r</subfield><subfield code="3">06988417X</subfield><subfield code="a">المبارك</subfield><subfield code="b">مازن</subfield><subfield code="4">340</subfield></datafield><datafield tag="702" ind1=" " ind2="1"><subfield code="6">a02</subfield><subfield code="7">ba</subfield><subfield code="3">06988417X</subfield><subfield code="a">Mubārak</subfield><subfield code="b">Māzin al-</subfield><subfield code="4">340</subfield></datafield><datafield tag="702" ind1=" " ind2="1"><subfield code="6">a03</subfield><subfield code="7">fa/r</subfield><subfield code="a">حمد الله</subfield><subfield code="b">محمد علي</subfield><subfield code="4">340</subfield></datafield><datafield tag="702" ind1=" " ind2="1"><subfield code="6">a03</subfield><subfield code="7">ba</subfield><subfield code="a">Ḥamd Allāh</subfield><subfield code="b">Muḥammad ʻAlī</subfield><subfield code="4">340</subfield></datafield><datafield tag="702" ind1=" " ind2="1"><subfield code="6">a04</subfield><subfield code="7">fa/r</subfield><subfield code="a">الافغاني</subfield><subfield code="b">سعيد</subfield><subfield code="4">340</subfield></datafield><datafield tag="702" ind1=" " ind2="1"><subfield code="6">a04</subfield><subfield code="7">ba</subfield><subfield code="a">ʼAfġānī</subfield><subfield code="b">Saʻīd al-</subfield><subfield code="4">340</subfield></datafield><datafield tag="801" ind1=" " ind2="3"><subfield code="a">FR</subfield><subfield code="b">Abes</subfield><subfield code="c">20090928</subfield><subfield code="g">AFNOR</subfield></datafield><datafield tag="915" ind1=" " ind2=" "><subfield code="5">751072101:375396187</subfield><subfield code="a">A.130351</subfield></datafield><datafield tag="930" ind1=" " ind2=" "><subfield code="5">751072101:375396187</subfield><subfield code="b">751072101</subfield><subfield code="a">ARA.III.5036</subfield><subfield code="j">s</subfield></datafield><datafield tag="991" ind1=" " ind2=" "><subfield code="5">751072101:375396187</subfield><subfield code="a">RETROBULAC-C</subfield><subfield code="b">BIULO 2-2</subfield><subfield code="c">DR</subfield></datafield><datafield tag="992" ind1=" " ind2=" "><subfield code="5">751072101:375396187</subfield><subfield code="a">21</subfield><subfield code="2">dombulac</subfield></datafield><datafield tag="999" ind1=" " ind2=" "><subfield code="5">751072101:375396187</subfield><subfield code="a">ARA</subfield><subfield code="m">101</subfield><subfield code="n">bl000</subfield></datafield></record>