<record><leader>01984cam0a2200409   4500</leader><controlfield tag="001">136827365</controlfield><controlfield tag="005" ind1="2" ind2="0"/><datafield tag="010" ind1=" " ind2=" "><subfield code="a">955-9429-56-6</subfield><subfield code="d">INR 600</subfield></datafield><datafield tag="010" ind1=" " ind2=" "><subfield code="a">978-955-942956-2</subfield></datafield><datafield tag="020" ind1=" " ind2=" "><subfield code="a">US</subfield><subfield code="b">  2005387334</subfield></datafield><datafield tag="035" ind1=" " ind2=" "><subfield code="a">ocm62493718</subfield></datafield><datafield tag="100" ind1=" " ind2=" "><subfield code="a">20090928d2005    k  y1frea50      la</subfield></datafield><datafield tag="101" ind1="0" ind2=" "><subfield code="a">tam</subfield></datafield><datafield tag="102" ind1=" " ind2=" "><subfield code="a">LK</subfield></datafield><datafield tag="105" ind1=" " ind2=" "><subfield code="a">a   a   001yy</subfield></datafield><datafield tag="106" ind1=" " ind2=" "><subfield code="a">r</subfield></datafield><datafield tag="200" ind1="1" ind2=" "><subfield code="6">a00</subfield><subfield code="7">la</subfield><subfield code="a">இலங்கையில் இந்து சமயம்</subfield><subfield code="b">Texte imprimé</subfield><subfield code="e">அகில இலங்கை இந்து மாமன்ற பொன்விழா வெளியீடு</subfield><subfield code="f">சி. பத்மநாதன்</subfield></datafield><datafield tag="200" ind1="1" ind2=" "><subfield code="6">a00</subfield><subfield code="7">ba</subfield><subfield code="a">Ilaṅkaiyil Intu camayam</subfield><subfield code="e">Akila Ilaṅkai Intu Māman̲r̲a pon̲vil̲ā veḷiyīṭu</subfield><subfield code="f">Ci. Patmanātan̲</subfield></datafield><datafield tag="210" ind1=" " ind2=" "><subfield code="6">a01</subfield><subfield code="7">la</subfield><subfield code="a">கொழும்பு</subfield><subfield code="c">அகில இலங்கை இந்து மாமன்றம்</subfield><subfield code="c">குமரன் புத்தக இல்லம்</subfield><subfield code="d">2005</subfield></datafield><datafield tag="210" ind1=" " ind2=" "><subfield code="6">a01</subfield><subfield code="7">ba</subfield><subfield code="a">Colombo</subfield><subfield code="c">Akila Ilaṅkai Intu Man̲r̲am</subfield><subfield code="c">Kumaran̲ Puttaka Illam</subfield><subfield code="d">2005</subfield></datafield><datafield tag="215" ind1=" " ind2=" "><subfield code="a">1 vol. (XXVIII- 476 p.-8 f. de pl.)</subfield><subfield code="c">ill. en coul.</subfield><subfield code="d">22 cm</subfield></datafield><datafield tag="320" ind1=" " ind2=" "><subfield code="a">Bibliogr. p. 447-467. Index.</subfield></datafield><datafield tag="330" ind1=" " ind2=" "><subfield code="a">On Hinduism in Sri Lanka</subfield></datafield><datafield tag="606" ind1=" " ind2=" "><subfield code="3">027324877</subfield><subfield code="a">Hindouisme</subfield><subfield code="3">027249344</subfield><subfield code="y">Sri Lanka</subfield><subfield code="2">rameau</subfield></datafield><datafield tag="676" ind1=" " ind2=" "><subfield code="a">294.535095493</subfield><subfield code="v">21</subfield></datafield><datafield tag="700" ind1=" " ind2="1"><subfield code="6">a02</subfield><subfield code="7">la</subfield><subfield code="3">075046148</subfield><subfield code="a">பத்மநாதன்</subfield><subfield code="b">சி.</subfield><subfield code="f">1940-....</subfield><subfield code="4">070</subfield></datafield><datafield tag="700" ind1=" " ind2="1"><subfield code="6">a02</subfield><subfield code="7">ba</subfield><subfield code="3">075046148</subfield><subfield code="a">Pathmanāthan</subfield><subfield code="b">S.</subfield><subfield code="f">1940-....</subfield><subfield code="4">070</subfield></datafield><datafield tag="801" ind1=" " ind2="3"><subfield code="a">FR</subfield><subfield code="b">Abes</subfield><subfield code="c">20091012</subfield><subfield code="g">AFNOR</subfield></datafield><datafield tag="801" ind1=" " ind2="1"><subfield code="a">US</subfield><subfield code="b">OCLC</subfield><subfield code="g">AACR2</subfield></datafield><datafield tag="801" ind1=" " ind2="2"><subfield code="a">FR</subfield><subfield code="b">AUROC</subfield><subfield code="g">AFNOR</subfield></datafield><datafield tag="801" ind1=" " ind2="0"><subfield code="b">DLC</subfield><subfield code="g">AACR2</subfield></datafield><datafield tag="801" ind1=" " ind2="2"><subfield code="b">CUY</subfield><subfield code="g">AACR2</subfield></datafield><datafield tag="915" ind1=" " ind2=" "><subfield code="5">751072101:375331999</subfield><subfield code="a">A.1196274801</subfield><subfield code="b">1196274801</subfield></datafield><datafield tag="930" ind1=" " ind2=" "><subfield code="5">751072101:375331999</subfield><subfield code="b">751072101</subfield><subfield code="a">Non accessible avant l’ouverture de la nouvelle bibliothèque en 2011</subfield><subfield code="j">g</subfield></datafield><datafield tag="932" ind1=" " ind2=" "><subfield code="5">751072101:375331999</subfield><subfield code="b">751072101</subfield><subfield code="a">LAR</subfield><subfield code="i">41LK</subfield><subfield code="g">221</subfield><subfield code="h">PAT</subfield><subfield code="t">5r</subfield><subfield code="v">c</subfield><subfield code="2">p</subfield></datafield><datafield tag="992" ind1=" " ind2=" "><subfield code="5">751072101:375331999</subfield><subfield code="a">31</subfield><subfield code="2">dombulac</subfield></datafield><datafield tag="999" ind1=" " ind2=" "><subfield code="5">751072101:375331999</subfield><subfield code="m">101</subfield><subfield code="n">blm00</subfield></datafield></record>