<record><leader>01864nam0a22003851n 4500</leader><controlfield tag="001">136829546</controlfield><controlfield tag="005" ind1="2" ind2="0"/><datafield tag="035" ind1=" " ind2=" "><subfield code="a">ocm60297122</subfield></datafield><datafield tag="100" ind1=" " ind2=" "><subfield code="a">20090928d1991    a  y1frea50      la</subfield></datafield><datafield tag="101" ind1="0" ind2=" "><subfield code="a">tam</subfield></datafield><datafield tag="102" ind1=" " ind2=" "><subfield code="a">IN</subfield></datafield><datafield tag="105" ind1=" " ind2=" "><subfield code="a">y   m   000ay</subfield></datafield><datafield tag="106" ind1=" " ind2=" "><subfield code="a">r</subfield></datafield><datafield tag="200" ind1="1" ind2=" "><subfield code="6">a00</subfield><subfield code="7">la</subfield><subfield code="a">பாயும்புலி பண்டாரக வன்னியன்</subfield><subfield code="b">Texte imprimé</subfield><subfield code="f">கலைஞர் மு. கருணாநிதி</subfield></datafield><datafield tag="200" ind1="1" ind2=" "><subfield code="6">a00</subfield><subfield code="7">ba</subfield><subfield code="a">Pāyum puli panṭāraka vaṉṉiyaṉ</subfield><subfield code="b">Texte imprimé</subfield><subfield code="f">Kalaiñar Mu. Karuṇāniti</subfield></datafield><datafield tag="205" ind1=" " ind2=" "><subfield code="6">a01</subfield><subfield code="7">la</subfield><subfield code="a">2ஆம் பதிப்பு</subfield></datafield><datafield tag="205" ind1=" " ind2=" "><subfield code="6">a01</subfield><subfield code="7">ba</subfield><subfield code="a">2 ām patippu</subfield></datafield><datafield tag="210" ind1=" " ind2=" "><subfield code="6">a02</subfield><subfield code="7">la</subfield><subfield code="a">சென்னை</subfield><subfield code="c">ராக்ஃபோர்ட்</subfield><subfield code="c">திருமகள் நிலையம்</subfield><subfield code="d">2007</subfield></datafield><datafield tag="210" ind1=" " ind2=" "><subfield code="6">a02</subfield><subfield code="7">ba</subfield><subfield code="a">Ceṉṉai</subfield><subfield code="c">Rākfōrṭ̣</subfield><subfield code="c">Tirumakaḷ nilaiyam</subfield><subfield code="d">[2007]</subfield></datafield><datafield tag="215" ind1=" " ind2=" "><subfield code="a">1 vol. (467 p.)</subfield><subfield code="c">ill. en coul.</subfield><subfield code="d">23 cm</subfield></datafield><datafield tag="316" ind1=" " ind2=" "><subfield code="5">751072101:375358005</subfield><subfield code="a">Initialement publié en 1991</subfield></datafield><datafield tag="330" ind1=" " ind2=" "><subfield code="a">Historical novel based on the political activities of a Tamil Vanni Chieftain of Sri Lanka, during the 17th century A.D</subfield></datafield><datafield tag="606" ind1=" " ind2=" "><subfield code="3">083518975</subfield><subfield code="a">Roman historique tamoul</subfield><subfield code="2">rameau</subfield></datafield><datafield tag="700" ind1=" " ind2="1"><subfield code="6">a03</subfield><subfield code="7">la</subfield><subfield code="3">063464594</subfield><subfield code="a">கருணாநிதி</subfield><subfield code="b">மு.</subfield><subfield code="f">1924-....</subfield><subfield code="4">070</subfield></datafield><datafield tag="700" ind1=" " ind2="1"><subfield code="6">a03</subfield><subfield code="7">ba</subfield><subfield code="3">063464594</subfield><subfield code="a">Karuṇāniti</subfield><subfield code="b">Mu.</subfield><subfield code="f">1924-....</subfield><subfield code="4">070</subfield></datafield><datafield tag="801" ind1=" " ind2="3"><subfield code="a">FR</subfield><subfield code="b">Abes</subfield><subfield code="c">20090928</subfield><subfield code="g">AFNOR</subfield></datafield><datafield tag="801" ind1=" " ind2="1"><subfield code="a">US</subfield><subfield code="b">OCLC</subfield><subfield code="g">AACR2</subfield></datafield><datafield tag="801" ind1=" " ind2="2"><subfield code="a">FR</subfield><subfield code="b">AUROC</subfield><subfield code="g">AFNOR</subfield></datafield><datafield tag="801" ind1=" " ind2="0"><subfield code="b">UKV3G</subfield><subfield code="g">AACR2</subfield></datafield><datafield tag="801" ind1=" " ind2="2"><subfield code="b">OCLCG</subfield><subfield code="g">AACR2</subfield></datafield><datafield tag="915" ind1=" " ind2=" "><subfield code="5">751072101:375358005</subfield><subfield code="a">A.1196274597</subfield><subfield code="b">1196274597</subfield></datafield><datafield tag="930" ind1=" " ind2=" "><subfield code="5">751072101:375358005</subfield><subfield code="b">751072101</subfield><subfield code="a">Non accessible avant l’ouverture de la nouvelle bibliothèque en 2011</subfield><subfield code="j">g</subfield></datafield><datafield tag="932" ind1=" " ind2=" "><subfield code="5">751072101:375358005</subfield><subfield code="b">751072101</subfield><subfield code="a">LAR</subfield><subfield code="i">41</subfield><subfield code="g">831.51</subfield><subfield code="h">KAR 1 P</subfield><subfield code="t">5r</subfield><subfield code="v">c</subfield><subfield code="2">p</subfield></datafield><datafield tag="992" ind1=" " ind2=" "><subfield code="5">751072101:375358005</subfield><subfield code="a">33</subfield><subfield code="2">dombulac</subfield></datafield><datafield tag="999" ind1=" " ind2=" "><subfield code="5">751072101:375358005</subfield><subfield code="m">101</subfield><subfield code="n">blm00</subfield></datafield></record>