<record><leader>02511cam0a2200481   4500</leader><controlfield tag="001">136881246</controlfield><controlfield tag="005" ind1="2" ind2="0"/><datafield tag="010" ind1=" " ind2=" "><subfield code="a">974-571-045-8</subfield></datafield><datafield tag="010" ind1=" " ind2=" "><subfield code="a">978-974-571-045-0</subfield><subfield code="b">br.</subfield></datafield><datafield tag="020" ind1=" " ind2=" "><subfield code="a">US</subfield><subfield code="b">81915981</subfield></datafield><datafield tag="035" ind1=" " ind2=" "><subfield code="a">ocm21518539</subfield></datafield><datafield tag="100" ind1=" " ind2=" "><subfield code="a">20090930d1981    k  y0freb50      ia</subfield></datafield><datafield tag="101" ind1="0" ind2=" "><subfield code="a">tha</subfield><subfield code="a">eng</subfield><subfield code="f">tha</subfield><subfield code="f">eng</subfield></datafield><datafield tag="102" ind1=" " ind2=" "><subfield code="a">TH</subfield></datafield><datafield tag="105" ind1=" " ind2=" "><subfield code="a">y   ||||000by</subfield></datafield><datafield tag="106" ind1=" " ind2=" "><subfield code="a">r</subfield></datafield><datafield tag="200" ind1="1" ind2=" "><subfield code="6">a01</subfield><subfield code="7">ia</subfield><subfield code="a">รอยร้าวของมรกต</subfield><subfield code="b">Texte imprimé</subfield><subfield code="d">The emeraldʼs cleavage</subfield><subfield code="e">a drama</subfield><subfield code="f">ม. ร. ว. นิมิตรมงคล นวรัตน</subfield><subfield code="g">ชาญวิทย์ เกษตรศิริ ผูเเปล</subfield><subfield code="g">ชัยอนันต์ สมุทวณิช ดำนำ</subfield><subfield code="z">eng</subfield></datafield><datafield tag="200" ind1="1" ind2=" "><subfield code="6">a01</subfield><subfield code="7">ba</subfield><subfield code="a">Rǭirāo khǭng mǭrakot</subfield><subfield code="b">Texte imprimé</subfield><subfield code="d">The emeraldʼs cleavage</subfield><subfield code="e">a drama</subfield><subfield code="f">Mǭ.  Rǭ. Wǭ. Nimittramongkhon Nawarat</subfield><subfield code="g">Chānwit Kasētsiri, phūplǣ</subfield><subfield code="g">Chaiʻanan Samutwanit, khamnam</subfield><subfield code="z">eng</subfield></datafield><datafield tag="205" ind1=" " ind2=" "><subfield code="6">a02</subfield><subfield code="7">ia</subfield><subfield code="a">พิมพ์ครั้งที่ ๒</subfield></datafield><datafield tag="205" ind1=" " ind2=" "><subfield code="6">a02</subfield><subfield code="7">ba</subfield><subfield code="a">Phim khrang thī 2</subfield></datafield><datafield tag="210" ind1=" " ind2=" "><subfield code="6">a03</subfield><subfield code="7">ia</subfield><subfield code="a">กรุงเทพฯ</subfield><subfield code="c">สำนักพิมพ์ มหาวิทยาลัยธรรมศาสตร์</subfield><subfield code="d">2524 [1981]</subfield></datafield><datafield tag="210" ind1=" " ind2=" "><subfield code="6">a03</subfield><subfield code="7">ba</subfield><subfield code="a">Krung Thēp</subfield><subfield code="c">Samnakphim Mahāwitthayālai Thammasāt</subfield><subfield code="d">2524 [1981]</subfield></datafield><datafield tag="215" ind1=" " ind2=" "><subfield code="a">1 vol. (24-187 p.)</subfield><subfield code="d">19 cm</subfield></datafield><datafield tag="300" ind1=" " ind2=" "><subfield code="a">Première publication en thaï dans le périodique Phư̄an (1974, 1-7)</subfield></datafield><datafield tag="302" ind1=" " ind2=" "><subfield code="a">Anglais et thaï en regard</subfield></datafield><datafield tag="488" ind1=" " ind2="|"><subfield code="t">Emerald's cleavage</subfield></datafield><datafield tag="500" ind1="|" ind2="|"><subfield code="a">Emerald's cleavage</subfield><subfield code="m">thaï et anglais</subfield></datafield><datafield tag="606" ind1=" " ind2=" "><subfield code="3">070202923</subfield><subfield code="a">Théâtre thaï</subfield><subfield code="3">028665953</subfield><subfield code="x">Traductions anglaises</subfield><subfield code="2">rameau</subfield></datafield><datafield tag="607" ind1=" " ind2=" "><subfield code="3">027251659</subfield><subfield code="a">Thaïlande</subfield><subfield code="3">027255670</subfield><subfield code="x">Vie intellectuelle</subfield><subfield code="2">rameau</subfield></datafield><datafield tag="680" ind1=" " ind2=" "><subfield code="a">PL4209.N493</subfield><subfield code="b">E4413 1981</subfield></datafield><datafield tag="700" ind1=" " ind2="0"><subfield code="6">a04</subfield><subfield code="7">ia</subfield><subfield code="3">136896618</subfield><subfield code="a">นิมิตรมงคล นวรัตน</subfield><subfield code="c">ม. ร. ว. </subfield><subfield code="f">1908-1948</subfield><subfield code="4">070</subfield></datafield><datafield tag="700" ind1=" " ind2="0"><subfield code="6">a04</subfield><subfield code="7">ba</subfield><subfield code="3">136896618</subfield><subfield code="a">Nimittramongkhon Nawarat</subfield><subfield code="c">M. R. W.</subfield><subfield code="f">1908-1948</subfield><subfield code="4">070</subfield></datafield><datafield tag="702" ind1=" " ind2="0"><subfield code="6">a05</subfield><subfield code="7">ia</subfield><subfield code="3">035514043</subfield><subfield code="a">ชาญวิทย์ เกษตรศิริ</subfield><subfield code="4">730</subfield></datafield><datafield tag="702" ind1=" " ind2="0"><subfield code="6">a05</subfield><subfield code="7">ba</subfield><subfield code="3">035514043</subfield><subfield code="a">Chānwit Kasētsiri</subfield><subfield code="4">730</subfield></datafield><datafield tag="801" ind1=" " ind2="3"><subfield code="a">FR</subfield><subfield code="b">Abes</subfield><subfield code="c">20091002</subfield><subfield code="g">AFNOR</subfield></datafield><datafield tag="801" ind1=" " ind2="1"><subfield code="a">US</subfield><subfield code="b">OCLC</subfield><subfield code="g">AACR2</subfield></datafield><datafield tag="801" ind1=" " ind2="2"><subfield code="a">FR</subfield><subfield code="b">AUROC</subfield><subfield code="g">AFNOR</subfield></datafield><datafield tag="801" ind1=" " ind2="0"><subfield code="b">DLC</subfield><subfield code="g">AACR2</subfield></datafield><datafield tag="801" ind1=" " ind2="2"><subfield code="b">BTCTA</subfield><subfield code="g">AACR2</subfield></datafield><datafield tag="915" ind1=" " ind2=" "><subfield code="5">751162305:375615059</subfield><subfield code="a">93823</subfield><subfield code="b">9218057870</subfield></datafield><datafield tag="930" ind1=" " ind2=" "><subfield code="5">751162305:375615059</subfield><subfield code="b">751162305</subfield><subfield code="a">IN 1493</subfield><subfield code="j">u</subfield><subfield code="2">EFEOB</subfield></datafield><datafield tag="992" ind1=" " ind2=" "><subfield code="5">751162305:375615059</subfield><subfield code="a">46</subfield><subfield code="2">dombulac</subfield></datafield><datafield tag="999" ind1=" " ind2=" "><subfield code="5">751162305:375615059</subfield><subfield code="m">101</subfield><subfield code="n">me000</subfield></datafield></record>