<record><leader>02124nam0a22005531  4500</leader><controlfield tag="001">136316328</controlfield><controlfield tag="005" ind1="2" ind2="0"/><datafield tag="010" ind1=" " ind2=" "><subfield code="a">7-562-00896-5</subfield></datafield><datafield tag="010" ind1=" " ind2=" "><subfield code="a">978-7-562-00896-5</subfield></datafield><datafield tag="100" ind1=" " ind2=" "><subfield code="a">20090904d1992    k  y0frea50      ea</subfield></datafield><datafield tag="101" ind1="0" ind2=" "><subfield code="a">chi</subfield></datafield><datafield tag="102" ind1=" " ind2=" "><subfield code="a">CN</subfield></datafield><datafield tag="105" ind1=" " ind2=" "><subfield code="a">y   |   000yy</subfield></datafield><datafield tag="106" ind1=" " ind2=" "><subfield code="a">r</subfield></datafield><datafield tag="200" ind1="0" ind2=" "><subfield code="6">a01</subfield><subfield code="7">ea</subfield><subfield code="a">大清律例通考校注</subfield><subfield code="b">Texte imprimé</subfield><subfield code="f">主编马建石, 杨育棠</subfield><subfield code="g">编撰者吕立人 ... [et al.]</subfield></datafield><datafield tag="200" ind1="0" ind2=" "><subfield code="6">a01</subfield><subfield code="7">ba</subfield><subfield code="a">Da Qing lü li tong kao jiao zhu</subfield><subfield code="b">Texte imprimé</subfield><subfield code="f">zhu bian Ma Jianshi, Yang Yutang</subfield><subfield code="g">bian zhuan zhe Lü Liren ... [et al.]</subfield></datafield><datafield tag="205" ind1=" " ind2=" "><subfield code="6">a02</subfield><subfield code="7">ea</subfield><subfield code="a">第1版.</subfield></datafield><datafield tag="205" ind1=" " ind2=" "><subfield code="6">a02</subfield><subfield code="7">ba</subfield><subfield code="a">Di 1 ban.</subfield></datafield><datafield tag="210" ind1=" " ind2=" "><subfield code="6">a03</subfield><subfield code="7">ea</subfield><subfield code="a">北京</subfield><subfield code="c">中国政法大学出版社</subfield><subfield code="d">1992</subfield></datafield><datafield tag="210" ind1=" " ind2=" "><subfield code="6">a03</subfield><subfield code="7">ba</subfield><subfield code="a">Beijing</subfield><subfield code="c">Zhongguo zheng fa da xue chu ban she</subfield><subfield code="d">1992</subfield></datafield><datafield tag="215" ind1=" " ind2=" "><subfield code="a">1 vol. (2-2-1145 p.)</subfield><subfield code="d">27 cm</subfield></datafield><datafield tag="517" ind1="|" ind2=" "><subfield code="6">a09</subfield><subfield code="7">ea</subfield><subfield code="a">大清律例通考</subfield></datafield><datafield tag="517" ind1="|" ind2=" "><subfield code="6">a09</subfield><subfield code="7">ba</subfield><subfield code="a">Da Qing lü li tong kao</subfield></datafield><datafield tag="604" ind1=" " ind2=" "><subfield code="6">a04</subfield><subfield code="7">ea</subfield><subfield code="a">吴坛, d. 1780</subfield><subfield code="t">大清律例通考</subfield><subfield code="2">lc</subfield></datafield><datafield tag="604" ind1=" " ind2=" "><subfield code="6">a04</subfield><subfield code="7">ba</subfield><subfield code="a">Wu, Tan, d. 1780</subfield><subfield code="t">Da Qing lü li tong kao</subfield><subfield code="2">lc</subfield></datafield><datafield tag="605" ind1=" " ind2=" "><subfield code="6">a05</subfield><subfield code="7">ea</subfield><subfield code="a">大清律</subfield><subfield code="2">lc</subfield></datafield><datafield tag="605" ind1=" " ind2=" "><subfield code="6">a05</subfield><subfield code="7">ba</subfield><subfield code="a">Da Qing lü</subfield><subfield code="2">lc</subfield></datafield><datafield tag="606" ind1=" " ind2=" "><subfield code="3">027466868</subfield><subfield code="a">Droit</subfield><subfield code="3">027633179</subfield><subfield code="y">Chine</subfield><subfield code="3">027616126</subfield><subfield code="x">Histoire</subfield><subfield code="x">Sources</subfield><subfield code="2">rameau</subfield></datafield><datafield tag="606" ind1=" " ind2=" "><subfield code="a">Law</subfield><subfield code="y">China</subfield><subfield code="x">History</subfield><subfield code="x">Sources</subfield><subfield code="2">lc</subfield></datafield><datafield tag="606" ind1=" " ind2=" "><subfield code="a">Law reports, digests, etc</subfield><subfield code="y">China</subfield><subfield code="2">lc</subfield></datafield><datafield tag="660" ind1=" " ind2=" "><subfield code="a">a-cc---</subfield></datafield><datafield tag="676" ind1=" " ind2=" "><subfield code="a">348.51/02</subfield><subfield code="v">20</subfield></datafield><datafield tag="680" ind1=" " ind2=" "><subfield code="a">KNN34</subfield><subfield code="b">.T33 1992</subfield></datafield><datafield tag="702" ind1=" " ind2="1"><subfield code="6">a06</subfield><subfield code="7">ea</subfield><subfield code="a">马建石</subfield><subfield code="4">340</subfield></datafield><datafield tag="702" ind1=" " ind2="1"><subfield code="6">a06</subfield><subfield code="7">ba</subfield><subfield code="a">Ma</subfield><subfield code="b">Jianshi</subfield><subfield code="4">340</subfield></datafield><datafield tag="702" ind1=" " ind2="1"><subfield code="6">a07</subfield><subfield code="7">ea</subfield><subfield code="a">杨育棠</subfield><subfield code="4">340</subfield></datafield><datafield tag="702" ind1=" " ind2="1"><subfield code="6">a07</subfield><subfield code="7">ba</subfield><subfield code="a">Yang</subfield><subfield code="b">Yutang</subfield><subfield code="4">340</subfield></datafield><datafield tag="702" ind1=" " ind2="1"><subfield code="6">a08</subfield><subfield code="7">ea</subfield><subfield code="a">吕立人</subfield><subfield code="4">220</subfield></datafield><datafield tag="702" ind1=" " ind2="1"><subfield code="6">a08</subfield><subfield code="7">ba</subfield><subfield code="a">Lü</subfield><subfield code="b">Liren</subfield><subfield code="4">220</subfield></datafield><datafield tag="702" ind1=" " ind2="1"><subfield code="6">a09</subfield><subfield code="7">ea</subfield><subfield code="a">吴坛</subfield><subfield code="f">d. 1780</subfield><subfield code="4">070</subfield></datafield><datafield tag="702" ind1=" " ind2="1"><subfield code="6">a09</subfield><subfield code="7">ba</subfield><subfield code="a">Wu</subfield><subfield code="b">Tan</subfield><subfield code="f">d. 1780</subfield><subfield code="4">070</subfield></datafield><datafield tag="801" ind1=" " ind2="3"><subfield code="a">FR</subfield><subfield code="b">Abes</subfield><subfield code="c">20090904</subfield><subfield code="g">AFNOR</subfield></datafield><datafield tag="801" ind1=" " ind2="0"><subfield code="b">DLC-R</subfield><subfield code="g">AACR2</subfield></datafield><datafield tag="801" ind1=" " ind2="1"><subfield code="b">DLC</subfield><subfield code="g">AACR2</subfield></datafield><datafield tag="915" ind1=" " ind2=" "><subfield code="5">751072101:373967446</subfield><subfield code="a">A.246146</subfield></datafield><datafield tag="930" ind1=" " ind2=" "><subfield code="5">751072101:373967446</subfield><subfield code="b">751072101</subfield><subfield code="a">CHI.II.149</subfield><subfield code="j">s</subfield></datafield><datafield tag="991" ind1=" " ind2=" "><subfield code="5">751072101:373967446</subfield><subfield code="a">BULACRETRO-W</subfield><subfield code="b">BIULO Lille</subfield><subfield code="c">AA</subfield></datafield><datafield tag="992" ind1=" " ind2=" "><subfield code="5">751072101:373967446</subfield><subfield code="a">51</subfield><subfield code="2">dombulac</subfield></datafield><datafield tag="999" ind1=" " ind2=" "><subfield code="5">751072101:373967446</subfield><subfield code="a">CHI</subfield><subfield code="m">101</subfield><subfield code="n">bl000</subfield></datafield></record>