<record><leader>03390nam0a22006013  4500</leader><controlfield tag="001">136914837</controlfield><controlfield tag="005" ind1="2" ind2="0"/><datafield tag="010" ind1=" " ind2=" "><subfield code="a">978-957-739632-7</subfield></datafield><datafield tag="010" ind1=" " ind2=" "><subfield code="a">957-739632-1</subfield></datafield><datafield tag="020" ind1=" " ind2=" "><subfield code="a">US</subfield><subfield code="b">  2009373899</subfield></datafield><datafield tag="100" ind1=" " ind2=" "><subfield code="a">20091001d2008    u  y0undy50      ba</subfield></datafield><datafield tag="101" ind1="0" ind2=" "><subfield code="a">chi</subfield></datafield><datafield tag="102" ind1=" " ind2=" "><subfield code="a">TW</subfield></datafield><datafield tag="105" ind1=" " ind2=" "><subfield code="a">a   a   100|y</subfield></datafield><datafield tag="106" ind1=" " ind2=" "><subfield code="a">r</subfield></datafield><datafield tag="200" ind1="1" ind2=" "><subfield code="6">a02</subfield><subfield code="7">ea</subfield><subfield code="a">民間文學與漢學研究</subfield><subfield code="b">Texte imprimé</subfield><subfield code="e">第六屆國際青年學者漢學會議論文集</subfield><subfield code="f">主辦單位臺東大學人文學院, 美國哈佛大學東亞語言與文明學系</subfield><subfield code="g">協辦單位國立臺灣史前文化博物館</subfield></datafield><datafield tag="200" ind1="1" ind2=" "><subfield code="6">a02</subfield><subfield code="7">ba</subfield><subfield code="a">Min jian wen xue yu Han xue yan jiu</subfield><subfield code="b">Texte imprimé</subfield><subfield code="e">Di liu jie guo ji qing nian xue zhe Han xue hui yi lun wen ji</subfield><subfield code="f">zhu ban dan wei Taidong da xue ren wen xue yuan, Meiguo Hafo da xue Dong Ya yu yan yu wen ming xue xi</subfield><subfield code="g">xie ban dan wei Guo li Taiwan shi qian wen hua bo wu guan</subfield></datafield><datafield tag="210" ind1=" " ind2=" "><subfield code="6">a07</subfield><subfield code="7">ea</subfield><subfield code="a">臺北市</subfield><subfield code="c">萬卷樓圖書股份有限公司</subfield><subfield code="d">2008</subfield></datafield><datafield tag="210" ind1=" " ind2=" "><subfield code="6">a07</subfield><subfield code="7">ba</subfield><subfield code="a">Taibei Shi</subfield><subfield code="c">Wan juan lou tu shu gu fen you xian gong si</subfield><subfield code="d">2008</subfield></datafield><datafield tag="215" ind1=" " ind2=" "><subfield code="a">1 vol. ([6], 417 p.)</subfield><subfield code="c">ill.</subfield><subfield code="d">22 cm</subfield></datafield><datafield tag="300" ind1=" " ind2=" "><subfield code="a">Selected papers presented at the "Di liu jie guo ji qing nian xue zhe Han xue hui yi" held at November 14-16, 2007 in Taiwan guo li Taidong da xue</subfield></datafield><datafield tag="302" ind1=" " ind2=" "><subfield code="a">Résumés en anglais</subfield></datafield><datafield tag="320" ind1=" " ind2=" "><subfield code="a">Réf. bibliogr.</subfield></datafield><datafield tag="517" ind1="|" ind2=" "><subfield code="6">a03</subfield><subfield code="7">ea</subfield><subfield code="a">第6屆國際青年學者漢學會議論文集</subfield></datafield><datafield tag="517" ind1="|" ind2=" "><subfield code="6">a03</subfield><subfield code="7">ba</subfield><subfield code="a">Di 6 jie guo ji qing nian xue zhe Han xue hui yi lun wen ji</subfield></datafield><datafield tag="517" ind1="|" ind2=" "><subfield code="6">a04</subfield><subfield code="7">ea</subfield><subfield code="a">國際青年學者漢學會議論文集</subfield></datafield><datafield tag="517" ind1="|" ind2=" "><subfield code="6">a04</subfield><subfield code="7">ba</subfield><subfield code="a">Guo ji qing nian xue zhe Han xue hui yi lun wen ji</subfield></datafield><datafield tag="517" ind1="|" ind2=" "><subfield code="6">a05</subfield><subfield code="7">ea</subfield><subfield code="a">民間文學與漢學研究</subfield></datafield><datafield tag="517" ind1="|" ind2=" "><subfield code="6">a05</subfield><subfield code="7">ba</subfield><subfield code="a">Min jian wen xue yu Han xue yan jiu</subfield></datafield><datafield tag="606" ind1=" " ind2=" "><subfield code="a">Folk literature, Chinese</subfield><subfield code="x">History and criticism</subfield><subfield code="x">Congresses</subfield><subfield code="2">lc</subfield></datafield><datafield tag="606" ind1=" " ind2=" "><subfield code="a">Folk literature, Chinese</subfield><subfield code="y">Taiwan</subfield><subfield code="x">History and criticism</subfield><subfield code="x">Congresses</subfield><subfield code="2">lc</subfield></datafield><datafield tag="606" ind1=" " ind2=" "><subfield code="a">Folklore</subfield><subfield code="y">China</subfield><subfield code="x">Congresses</subfield><subfield code="2">lc</subfield></datafield><datafield tag="606" ind1=" " ind2=" "><subfield code="a">Folklore</subfield><subfield code="y">Taiwan</subfield><subfield code="x">Congresses</subfield><subfield code="2">lc</subfield></datafield><datafield tag="606" ind1=" " ind2=" "><subfield code="a">Literature, Comparative</subfield><subfield code="2">lc</subfield></datafield><datafield tag="606" ind1=" " ind2=" "><subfield code="3">028724178</subfield><subfield code="a">Littérature populaire chinoise</subfield><subfield code="3">02779038X</subfield><subfield code="x">Histoire et critique</subfield><subfield code="3">02886431X</subfield><subfield code="x">Congrès</subfield><subfield code="2">rameau</subfield></datafield><datafield tag="606" ind1=" " ind2=" "><subfield code="3">027226115</subfield><subfield code="a">Folklore</subfield><subfield code="3">027633179</subfield><subfield code="y">Chine</subfield><subfield code="3">02886431X</subfield><subfield code="x">Congrès</subfield><subfield code="2">rameau</subfield></datafield><datafield tag="606" ind1=" " ind2=" "><subfield code="3">027226115</subfield><subfield code="a">Folklore</subfield><subfield code="3">027463613</subfield><subfield code="y">Taiwan</subfield><subfield code="3">02886431X</subfield><subfield code="x">Congrès</subfield><subfield code="2">rameau</subfield></datafield><datafield tag="607" ind1=" " ind2=" "><subfield code="a">China</subfield><subfield code="x">Study and teaching</subfield><subfield code="x">Congresses</subfield><subfield code="2">lc</subfield></datafield><datafield tag="660" ind1=" " ind2=" "><subfield code="a">a-cc---</subfield></datafield><datafield tag="680" ind1=" " ind2=" "><subfield code="a">GR335</subfield><subfield code="b">.G865 2008</subfield></datafield><datafield tag="712" ind1="0" ind2="2"><subfield code="a">Harvard University</subfield><subfield code="b">Dept. of East Asian Languages and Civilizations</subfield></datafield><datafield tag="712" ind1="1" ind2="2"><subfield code="6">a01</subfield><subfield code="7">ea</subfield><subfield code="a">國際青年學者漢學會議</subfield><subfield code="d">di 6 jie</subfield><subfield code="e">Guo li Taidong da xue</subfield><subfield code="f">2007</subfield><subfield code="4">340</subfield></datafield><datafield tag="712" ind1="1" ind2="2"><subfield code="6">a01</subfield><subfield code="7">ba</subfield><subfield code="a">Guo ji qing nian xue zhe Han xue hui yi</subfield><subfield code="d">di 6 jie</subfield><subfield code="e">Guo li Taidong da xue</subfield><subfield code="f">2007</subfield><subfield code="4">340</subfield></datafield><datafield tag="712" ind1="0" ind2="2"><subfield code="6">a09</subfield><subfield code="7">ea</subfield><subfield code="a">國立臺東大學</subfield><subfield code="b">人文學院</subfield></datafield><datafield tag="712" ind1="0" ind2="2"><subfield code="6">a09</subfield><subfield code="7">ba</subfield><subfield code="a">Guo li Taidong da xue</subfield><subfield code="b">Ren wen xue yuan</subfield></datafield><datafield tag="712" ind1="0" ind2="2"><subfield code="6">a11</subfield><subfield code="7">ea</subfield><subfield code="a">國立臺灣史前文化博物館</subfield></datafield><datafield tag="712" ind1="0" ind2="2"><subfield code="6">a11</subfield><subfield code="7">ba</subfield><subfield code="a">Guo li Taiwan shi qian wen hua bo wu guan</subfield></datafield><datafield tag="801" ind1=" " ind2="3"><subfield code="a">FR</subfield><subfield code="b">Abes</subfield><subfield code="c">20091001</subfield><subfield code="g">AFNOR</subfield></datafield><datafield tag="915" ind1=" " ind2=" "><subfield code="5">751072101:375680497</subfield><subfield code="a">A.1196279783</subfield><subfield code="b">1196279783</subfield></datafield><datafield tag="930" ind1=" " ind2=" "><subfield code="5">751072101:375680497</subfield><subfield code="b">751072101</subfield><subfield code="a">Non accessible avant l'ouverture de la nouvelle bibliothèque en 2011</subfield><subfield code="j">g</subfield></datafield><datafield tag="932" ind1=" " ind2=" "><subfield code="5">751072101:375680497</subfield><subfield code="b">751072101</subfield><subfield code="a">LAR</subfield><subfield code="i">43CN</subfield><subfield code="g">803</subfield><subfield code="h">MIN</subfield><subfield code="t">1r</subfield><subfield code="v">c</subfield><subfield code="2">p</subfield></datafield><datafield tag="992" ind1=" " ind2=" "><subfield code="5">751072101:375680497</subfield><subfield code="a">51</subfield><subfield code="2">dombulac</subfield></datafield><datafield tag="999" ind1=" " ind2=" "><subfield code="5">751072101:375680497</subfield><subfield code="m">101</subfield><subfield code="n">blm00</subfield></datafield></record></catalogue>